2726 4652
547 417 887 492 ...1234'

213 611 344 684 retinuit,
363 609 417 673 serl
435 609 541 676 nescio
561 632 619 693 qua
639 610 824 695 negligentia
846 599 965 694 ᾔκασα
985 610 1137 692 scripserit

212 717 245 778 s.
265 716 375 803 supp.
394 711 470 778 sss.
504 711 555 779 cs.
576 713 711 778 Fischer.
734 717 771 778 ..ι
794 715 921 779 iver...
942 685 987 790 ri,
1009 737 1041 801 p.
1062 701 1136 787 279,

211 821 325 896 Bloml.
352 822 389 885 ad
417 819 532 882 Aesch.
565 818 702 904 Choeph.
730 819 813 895 623,
853 819 965 884 Marrh.
998 821 1034 882 ad
1061 820 1135 881 Eur.

211 925 325 988 Phoen.
351 924 430 1000 162,
458 921 620 988 Ruhnken.
648 927 686 987 ad
710 927 790 990 Tim.
812 948 846 1011 p.
864 925 928 998 95,
957 924 1069 990 Marrh.
1091 949 1135 1010 gr.

210 1051 257 1116 gr.
280 1035 305 1108 §-
328 1029 406 1107 167‚
447 1029 486 1108 5,
529 1031 706 1092 Schneider.
744 1031 767 1093 1.
790 1031 810 1092 1.
835 1027 866 1115 ’μ
886 1032 939 1096 10.
1124 1009 1127 1016 ’

294 1135 380 1198 Mira
407 1149 451 1199 est
479 1137 742 1220 grammaticorum
769 1136 915 1199 dissensio
955 1137 995 1198 de
1024 1137 1135 1218 irnper-

79 1265 84 1277 ’
181 1233 184 1240 ’
210 1243 284 1306 lecti
313 1242 418 1303 formis
451 1230 633 1322 εὐχόμην,
670 1229 851 1322 ηύχόμην.
904 1241 945 1303 V.
970 1239 1133 1304 Herodian.

209 1369 240 1429 p·
262 1343 328 1410 314
357 1345 484 1424 Herm„
513 1363 544 1409 et
567 1347 680 1409 Suidae
708 1347 912 1409 lestimonium
934 1369 959 1409 a.
981 1367 1012 1410 v.
1035 1335 1144 1409 εὐλό»

208 1459 326 1534 moa,
358 1452 410 1535 qui
430 1467 627 1536 augmentum
648 1451 737 1525 attice
763 1451 961 1514 omittendum
992 1471 1059 1515 esse
1090 1449 1134 1513 di-

210 1570 294 1620 cunt.
336 1552 448 1619 Contra
468 1553 590 1620 Moeris
613 1579 645 1641 p.
667 1553 731 1619 175
756 1570 787 1617 et
806 1554 911 1644 Elym.
932 1554 985 1619 M.
1006 1580 1036 1639 p.
1058 1555 1133 1630 400,

208 1660 253 1727 36
275 1662 367 1724 unice
393 1659 519 1746 probant
540 1651 690 1746 ᾔκαξον,
712 1649 883 1742 ηὐχόμην
903 1676 964 1724 cer.
1003 1660 1133 1726 Formae

208 1781 371 1852 augmento
392 1783 528 1831 carentes
549 1769 668 1831 ionicae
687 1769 847 1852 veterique
867 1767 972 1830 atricae
994 1766 1133 1843 dialecto,

208 1894 286 1955 quae
307 1873 397 1934 etiam
418 1873 547 1958 tragicos
568 1874 819 1956 comprehendit,
841 1872 1007 1935 convenire
1028 1873 1133 1933 viden-

209 1989 274 2058 lur,
302 1990 390 2059 atque
411 1978 444 2038 in
464 1974 621 2040 codicibus
641 1979 749 2040 nostris
776 1977 925 2058 aliquanto
945 1976 1132 2059 frequentius

207 2081 368 2166 legumina
410 2102 440 2144 v.
481 2077 619 2144 Fischer.
660 2083 698 2146 ad
734 2081 863 2143 Weller.
901 2080 951 2155 II,
992 2103 1022 2162 p.
1056 2079 1130 2156 280,

207 2183 343 2249 Brunck.
366 2201 396 2246 et
416 2184 525 2248 Manh.
546 2187 585 2249 ad
605 2186 681 2251 Eur.
695 2187 774 2250 Hac.
793 2185 848 2259 18,
866 2173 975 2247 Elmsl.
998 2183 1035 2246 ad
1056 2185 1130 2248 Eur.

207 2291 333 2354 Heracl.
360 2290 444 2366 305,
497 2291 676 2355 Schneider.
716 2293 738 2356 l.
761 2291 784 2355 l.
825 2313 857 2376 p.
879 2291 929 2352 11.
992 2289 1131 2350 Verbum

207 2389 366 2477 εὑρίσκω
385 2396 508 2460 omnino
531 2399 680 2462 rarissime
700 2400 822 2483 augeri,
843 2419 1009 2482 nunquam,
1030 2417 1070 2456 ne
1092 2391 1130 2456 ab

208 2502 303 2567 anicia
326 2503 450 2588 quidem
457 2548 468 2578 ,
502 2505 673 2586 perlectum
699 2495 840 2583 εὕρηκα
869 2517 959 2586 arque
989 2502 1131 2566 aorisrum

209 2594 331 2689 εὖρον,
358 2610 439 2694 apud
465 2608 627 2692 plerosque
657 2624 787 2684 constan
828 2633 859 2674 v.
878 2607 991 2670 Butrm.
1007 2631 1063 2693 sgr.
1084 2630 1130 2691 gr.

208 2719 235 2792 §.
256 2711 320 2787 84,
346 2729 408 2776 not.
429 2713 468 2789 3,
493 2713 601 2778 Herm.
623 2715 661 2778 ad
681 2715 756 2780 Eur.
777 2715 890 2779 Bacch.
910 2713 970 2790 32,
993 2709 1130 2776 Lobeclr.
1182 2733 1187 2754 .

208 2821 247 2882 ad
268 2819 381 2906 Phryn.
403 2841 436 2905 p.
457 2818 521 2882 140
540 2835 570 2881 et
594 2820 667 2884 153.
720 2820 826 2906 Quare
848 2843 910 2882 non
931 2817 1129 2902 probandum,

209 2924 289 3009 quod
316 2922 503 2996 Elmsleius,
541 2938 644 2986 contra
677 2922 784 3000 libros,
820 2926 932 2987 formas
967 2937 1130 3008 augmento

207 3029 364 3093 instructas
382 3028 416 3090 in
436 3028 619 3112 Sophoclem
644 3028 773 3103 invexir;
808 3052 839 3092 v.
860 3031 955 3112 praei.
977 3030 1015 3090 ad
1037 3029 1129 3110 Soph.

209 3131 290 3200 Oed.
309 3138 346 3198 T.
366 3156 397 3217 p.
423 3131 485 3207 12,
507 3149 537 3196 et
556 3134 594 3195 ad
614 3134 688 3196 Eur.
711 3133 803 3196 Med.
825 3132 897 3196 191.
941 3133 1072 3196 Seidler.
1092 3133 1130 3194 ad

206 3225 282 3302 Eur.
303 3239 354 3301 El.
374 3237 459 3316 380,
486 3237 639 3322 Popponis
661 3239 802 3325 Prolegg.
825 3263 856 3324 p.
878 3238 943 3304 227
964 3255 994 3301 et
1016 3236 1130 3303 Obser-

207 3359 277 3408 valt.
307 3366 339 3428 p.
366 3341 420 3408 82.
473 3343 594 3406 Porson.
621 3342 754 3408 Advers.
787 3369 818 3432 p.
848 3345 927 3420 152,
956 3347 1064 3407 Herm.
1092 3346 1130 3406 ad
1176 3431 1178 3440 J

206 3453 301 3532 Soph.
322 3449 398 3511 Ant.
415 3448 489 3525 406,
511 3465 541 3512 et
562 3450 682 3512 Schaef.
704 3451 743 3512 ad
764 3445 894 3538 Gregor.
918 3450 988 3514 Cor.
1011 3473 1041 3532 p.
1054 3447 1129 3520 632,

205 3555 337 3638 Ephern.
361 3555 431 3618 Liri.
456 3554 522 3620 Ien.
543 3551 643 3631 1826,
675 3546 843 3630 N0.173,‘
867 3579 897 3640 p.
924 3553 995 3617 428.
1039 3552 1130 3616 Cete-

207 3681 278 3722 rum
295 3659 406 3738 verba,
435 3680 506 3725 cum
535 3659 679 3743 particula
705 3643 747 3722 eri
771 3661 949 3744 composita,
979 3681 996 3720 a
1021 3660 1129 3722 cereris

206 3762 532 3853 probedistinguenda
555 3781 639 3842 sunrr
659 3787 689 3829 v.
708 3764 820 3848 Burrm.
842 3788 887 3848 gr.
911 3759 957 3848 gr.
976 3767 1001 3839 ξ.
1024 3763 1076 3837 86,
1096 3763 1129 3839 2,

209 3867 263 3935 De
288 3886 448 3956 augmento
479 3870 660 3948 verborum,
702 3871 818 3962 syllaba
846 3890 879 3933 oz
910 3869 1130 3952 incipientium.
