2720 4650
999 462 1093 510 xxvn

11 655 13 690 τ
113 587 116 592 ’
167 621 358 699 acumina
380 626 537 719 pumen.
587 624 700 725 mque
723 625 760 692 n
784 623 846 694 mo
866 623 985 694 atnoe
1006 623 1091 692 rn-
1155 593 1159 608 '

167 766 362 860 lolog'orum
387 765 765 858 praestantissimorum,
791 764 927 855 Lipsiae
952 763 1092 852 quidem

50 897 54 906 ‘
165 907 381 993 Hnnuanrr,
400 905 591 977 Scumrnru
608 915 642 974 et
655 907 760 976 (inm
779 907 981 991 limnonrrr,
1006 899 1108 973 Μο-’
1227 925 1230 934 ’

164 1047 281 1118 nachii
306 1023 545 1134 Tamasenum,
577 1032 790 1138 Regimontii
817 1045 993 1114 Louncun
1018 1047 1090 1114 suf-

165 1153 285 1278 fragiis
315 1209 351 1255 se
374 1188 554 1256 excitatum
583 1187 693 1256 libens
720 1186 892 1278 praedicat
922 1186 967 1252 ad
994 1205 1090 1254 com-

164 1328 406 1396 mentationem
420 1316 523 1414 anain,
539 1327 569 1394 si
581 1327 654 1396 fieri
667 1327 847 1396 commode
860 1334 984 1416 posset,
998 1327 1090 1416 typis

166 1467 429 1537 exscribendam.
479 1467 520 1538 lu
545 1467 688 1557 patriam
705 1489 874 1552 reversus,
899 1465 1034 1556 qualem
1054 1465 1090 1532 in

165 1607 285 1677 schola
327 1608 441 1698 aliqua
476 1607 597 1675 maiori
621 1593 785 1675 tuendum
819 1628 954 1698 sperare
991 1614 1091 1695 atque

164 1747 251 1816 adeo
271 1755 464 1848 erspeotare
485 1748 558 1815 inre
579 1749 727 1838 quodam
743 1769 804 1816 suo
831 1755 955 1838 posset,
976 1747 1091 1815 locum

164 1913 234 1960 non
253 1890 365 1958 statim
381 1897 507 1978 naotm,
532 1897 637 1980 quum
656 1909 778 1958 vacuus
799 1865 887 1956 forte
905 1894 991 1956 esset
1012 1887 1090 1953 nnl-

165 2032 228 2118 lus,
248 2031 407 2121 primum,
421 2038 459 2098 ut
470 2031 686 2117 fitaninium
702 2015 924 2121 despondere,
945 2027 1090 2096 alionum
1140 2015 1147 2030 ¹

164 2172 417 2244 benevolentiae
431 2171 565 2260 unisque
580 2171 654 2261 ipse
672 2170 798 2237 viribus
815 2170 892 2258 plus
910 2190 1011 2254 quam
1028 2190 1090 2256 par

164 2320 235 2380 erat
261 2312 436 2392 diffidere;
467 2316 505 2376 at
530 2331 610 2378 mox
634 2332 709 2378 men
735 2309 949 2400 potissimum
969 2307 1088 2394 amica

161 2451 398 2522 adhortatione
431 2458 625 2525 commotus,
644 2451 688 2518 ad
710 2451 824 2520 studia
843 2451 908 2518 sibi
934 2440 1088 2516 adamata

160 2592 279 2686 alacri
296 2593 407 2661 redire
435 2600 566 2679 mente,
596 2573 842 2681 obfirmatoque
867 2615 906 2660 ea
931 2567 1088 2682 persequi

162 2736 286 2804 animo
344 2733 433 2802 Nam
462 2731 631 2804 Francldo
668 2731 843 2822 improvisi
869 2731 980 2832 morbi
998 2733 1087 2800 ‚dira

163 2876 346 2954 acerbitate
372 2875 492 2944 litteris
520 2845 626 2963 atdue·
645 2873 849 2943 Academiae
879 2865 1085 2961 Dorpaterrsi

151 2983 281 3108 erepto
294 3010 415 3102 'meum
430 3039 501 3086 csse
519 3005 696 3106 putabam,
726 3012 860 3114 invenio
875 3011 919 3080 ad
945 2983 1085 3102 egregia

97 3157 103 3170 '
163 3155 331 3224 tendentis
363 3155 514 3224 indolem
543 3163 577 3224 et
601 3153 790 3237 doctrinam
816 3152 894 3218 satis
919 3174 1086 3242 superque

58 3337 63 3348 ·
164 3294 250 3363 mihi
276 3293 449 3388 cognitam
473 3316 513 3362 ac
536 3302 748 3385 perspectam
759 3292 879 3390 ‘denuo
900 3294 1085 3383 impensius

155 3436 399 3536 ¹commendare
419 3435 586 3527 ,collegis;
610 3435 747 3522 iusuper
760 3416 844 3502 vero¹
856 3435 978 3512 Ordini
998 3433 1084 3501 Phi-

164 3575 387 3667 losophorum
408 3573 643 3644 Universitatis
665 3551 846 3648 litterariae
865 3575 1084 3668 Dorpatensis
1209 3603 1212 3612 ·

164 3738 276 3784 meum
299 3716 468 3784 declarare
492 3717 707 3806 propositum
725 3723 831 3782 totam
854 3723 1007 3801 accurate
1028 3737 1104 3782 re-x

157 3844 393 3948 'cognoscendi
417 3856 654 3947 scriptionem,
700 3865 734 3924 et
761 3857 910 3948 singulas
938 3879 1086 3946 quasque

164 3982 335 4112 plagular,
366 3997 541 4106 Rcvaliae,
572 4006 610 4066 ut
630 4006 747 4069 auctor
760 3999 914 4091 optabat,
933 3997 1013 4092 ipso
1034 3997 1087 4064 in-
