2726 4652
498 455 843 552 -sstot-'
937 555 1060 590 .·

170 669 232 733 illis
252 664 419 732 scribendis
440 664 499 732 sibi
520 682 673 744 constare,
693 666 839 756 plurimos
860 679 962 730 tamen
986 667 1109 743 confir(
1229 717 1232 729 ,

171 795 256 837 mare
276 795 364 836 usum
389 773 493 848 illum,
521 795 582 858 quo
607 771 814 866 adiiciendum
840 773 877 836 sit
896 791 921 834 ν
941 774 1096 860 paragogi·

171 899 255 942 oum.
297 877 337 941 V.
354 878 457 961 ‚Iahnii
483 878 598 942 Annal.
627 877 750 941 Plriloll.
772 877 874 958 1831,
897 892 970 949 tom.
992 876 1008 942 Ι
1015 923 1027 955 ,
1061 875 1096 952 2,

170 1007 204 1067 p.
232 982 308 1048 242.
358 982 504 1047 Ceterum
540 984 601 1046 iam
636 985 717 1068 apud
747 983 918 1046 Homerum
944 972 1096 1064 nudosa,

172 1078 313 1166 inanes,
341 1089 442 1174 σφίσι
449 1137 460 1168 ,
481 1077 589 1168 πάλι,
610 1090 668 1154 alia
689 1091 854 1154 certissima
874 1105 960 1165 sunt3
1001 1089 1098 1152 Attici

172 1191 274 1278 σφίν,
298 1198 400 1274 (etiam
421 1219 475 1278 pro
493 1187 607 1282 αὐτῷ,
629 1211 661 1260 ut
676 1194 791 1260 Aesoh.
803 1195 889 1260 Pers.
907 1190 982 1276 745,
1002 1183 1098 1276 Soph.

172 1295 255 1363 Oed.
278 1296 347 1363 Col.
363 1299 447 1364 1490
467 1303 587 1380 Herm.)
609 1324 758 1391 usurpare
778 1302 884 1366 solent.
927 1300 967 1364 V.
984 1298 1097 1365 Buttm.

172 1403 310 1491 Lexilog.
331 1405 364 1480 I,
382 1429 413 1491 p.
433 1406 494 1482 60,
528 1423 559 1472 et
579 1431 624 1493 gr.
647 1430 693 1494 gr.
717 1407 811 1491 ampl.
835 1410 863 1486 §.
882 1405 937 1481 26,
957 1404 990 1471 2.
1032 1405 1099 1490 Qui

172 1513 273 1575 varius
304 1531 329 1573 ν
363 1513 538 1600 paregogici
572 1535 642 1577 usus
678 1515 745 1576 veri
780 1512 966 1576 simillimam
999 1513 1099 1574 reddit

145 1633 146 1636 ’
171 1615 331 1701 Apollonii
358 1621 554 1697 sententiam,
596 1621 767 1704 euphoniae
787 1640 891 1684 caussa
912 1617 997 1681 illam
1019 1617 1098 1680 litte-

172 1739 318 1787 ramaut
345 1725 477 1788 eddilam
504 1740 554 1788 eut
575 1727 718 1789 omissam
747 1725 861 1802 fuisse,
893 1724 980 1787 sicuti
1006 1723 1100 1786 etiam

112 1842 137 1914 ι·
170 1829 206 1889 in
237 1831 346 1894 mediis
378 1829 557 1916 quibusdam
577 1830 753 1906 vocabulis,
785 1847 819 1894 ut
854 1821 1028 1914 ἀμφασίη
1068 1842 1101 1890 et
1209 1879 1223 1896 ¹.

173 1925 338 2018 ἀφασία,
367 1928 574 2016 cipriane&
595 1951 625 1998 et
644 1929 841 2014 ἀπλακεῐν,
875 1933 1047 2018 dequibus
1067 1953 1100 1997 r.

170 2035 285 2104 Buttm.
304 2040 442 2128 Lexilog.
454 2041 478 2117 1,
501 2063 532 2130 p.
546 2040 619 2116 136,
640 2043 748 2129 Herm.
769 2044 809 2105 de
829 2040 954 2105 emend.
971 2053 1028 2104 rat.
1050 2060 1097 2126 gr.

173 2169 220 2232 gr.
246 2169 281 2235 p.
308 2147 350 2210 18
384 2169 429 2231 sq.
462 2162 492 2210 et
511 2144 637 2217 ulons.
655 2132 658 2142 ’
673 2148 711 2211 ed
739 2146 854 2211 Aesch-
885 2145 1000 2234 Agam.
1024 2141 1100 2209 336.

172 2238 283 2337 Nessue
316 2253 571 2337 praetereundum
602 2268 665 2329 est,
705 2254 795 2316 etiam
832 2251 914 2336 apud
948 2251 1101 2336 prosaicos

158 2359 335 2452 ²scriptures
369 2377 394 2421 ν
421 2361 638 2445 paragogieum
672 2374 742 2423 ante
773 2379 936 2422 consonam
970 2355 1101 2446 litteram

173 2485 321 2546 persaepe
345 2457 492 2547 praebere
513 2467 661 2549 optimum
687 2453 841 2550 quemque
868 2462 1020 2526 codicem.
1058 2459 1102 2525 V.

173 2567 327 2654 Popponis
355 2569 497 2657 Prolegg.
526 2573 558 2634 in
582 2572 724 2664 Thucyd.
755 2593 787 2655 p.
807 2567 871 2634 219
899 2582 930 2631 et
949 2565 1031 2644 444,
1059 2581 1102 2642 et,
1140 2637 1141 2642 η

172 2697 267 2760 quem
294 2674 498 2762 laudavimus,
537 2674 707 2744 Osannum.
762 2675 857 2739 Adde
877 2670 1038 2738 Wernicls.
1061 2672 1103 2736 ad

172 2782 340 2870 Tryphiod.
361 2783 394 2844 in
415 2781 483 2847 Ind.
506 2805 531 2848 s.
551 2801 576 2848 ν
595 2806 697 2870 parag.
730 2779 784 2846 De
804 2779 949 2847 adverbio
966 2770 1103 2842 ἄνευθε

173 2887 240 2949 sive
261 2876 422 2960 ἄνευθεν
442 2911 473 2952 v.
494 2886 630 2953 Beldreri
646 2888 769 2954 Anecd.
793 2909 823 2971 p.
843 2885 926 2961 603,
945 2883 1007 2961 213
1045 2883 1103 2946 ubi

173 2981 317 3077 leguntur
336 2996 412 3057 haec
434 2995 562 3070 minime
582 2992 783 3078 negligenda:
804 2980 903 3056 ἀλλὰ
922 2988 996 3058 πῶς
1016 2982 1103 3054 ποτὲ

174 3093 244 3178 ἔχει
264 3087 307 3162 τὸ
329 3119 369 3174 ν,
410 3085 446 3186 pi
466 3089 566 3186 λὸγῴ
586 3099 648 3164 καὶ
669 3088 712 3172 τὸ
735 3095 857 3180 ἔλεγεν
876 3093 940 3160 uod
959 3086 1003 3160 τὸ
1024 3091 1101 3178 ἔφε-

173 3223 252 3282 ρεν,
272 3198 325 3266 οὐ
342 3191 545 3287 λήγοντα
561 3204 610 3274 εἰς
629 3227 665 3284 ν,
686 3193 1103 3286 προςλαμβάνοντα

174 3304 214 3372 δὲ
234 3301 278 3374 τὸ
298 3329 323 3373 ν
344 3301 406 3374 διὰ
426 3302 497 3394 τήν
518 3309 586 3376 τοῦ
607 3331 625 3376 ε
644 3301 860 3394 κατάληξιν.
890 3341 935 3360 -··
974 3309 1017 3374 In
1035 3309 1103 3371 uni·

173 3437 299 3479 versum
328 3438 404 3480 vero
439 3433 501 3481 tam
533 3417 712 3484 variabilem
747 3435 772 3482 ν
806 3416 984 3506 paragcgici
1013 3435 1103 3476 usum
1165 3411 1171 3420 ’

173 3521 255 3606 apud
280 3519 400 3589 Atticos
427 3527 538 3600 fuisse,
569 3540 691 3611 temque
717 3522 927 3602 arbitrarium,
956 3533 990 3585 ut
1009 3540 1050 3582 ne
1068 3517 1103 3580 iu

165 3625 238 3690 ,fine
268 3628 393 3713 quidem
413 3631 537 3715 ‘periodi
566 3647 617 3697 aut
645 3653 771 3709 versus,
799 3629 968 3694 autetiam
991 3622 1103 3707 integri

173 3729 292 3810 libelli,
318 3731 371 3798 ubi
392 3737 576 3802 recentiores
598 3736 630 3800 id
655 3736 708 3802 rel
733 3736 903 3822 aegerrime
922 3728 1102 3796 deciderent,
1201 3715 1204 3723 ’

126 3839 128 3846 ’
173 3834 289 3924 ubique
315 3853 346 3902 et
372 3862 495 3927 semper
523 3843 658 3907 additum
679 3823 733 3920 sit,
760 3854 882 3904 testator
901 3835 987 3900 idem
1006 3830 1104 3898 Osan-

130 3994 132 4000 ,
175 3964 232 4008 nus
253 3943 276 4008 l.
298 3944 339 4022 l,
359 3949 410 4033 qui
430 3969 492 4012 uon
511 3949 620 4016 iniuria
638 3943 866 4035 reprehendere
885 3941 1006 4010 videtur
1025 3938 1104 4006 Her·
