2726 4652
394 471 782 586 ·-1rr-

106 678 111 684 ’
185 673 266 736 Plut.
291 667 374 748 6503
407 668 553 761 Sylburg.
578 670 617 735 ad
649 670 756 759 Etym.
775 666 828 754 M
852 690 884 756 p.
900 663 982 745 5363
1024 669 1113 738 said.

186 801 213 844 a.
234 799 264 841 v.
284 774 398 856 θεριῶ
425 792 457 839 et
477 775 639 840 Phavorin.
665 797 692 840 s.
709 787 751 842 ’2.
772 773 938 858 κομίζω,
973 775 1112 842 Loback.

186 885 224 946 ad
246 883 359 972 Phryn.
400 905 432 966 p.
453 878 528 964 746.
590 878 741 946 Futurum
768 883 951 957 verborum,
980 907 1059 968 quae
1078 886 1113 948 iu

185 989 239 1053 λω
258 1004 288 1050 et
308 1007 364 1068 pra
384 1002 507 1060 exeunt,
528 987 689 1072 interdumq
701 990 782 1071 apud
800 990 945 1076 Tragicos
964 997 988 1051 6
1007 988 1113 1065 habat3

185 1115 216 1155 r.
236 1091 346 1155 Matth.
367 1114 413 1178 gr.
435 1114 481 1178 gr.
501 1094 530 1173 §.
548 1091 628 1167 182,
666 1109 727 1156 not.
752 1097 782 1157 1.
836 1097 945 1180 Neque
977 1096 1113 1158 doricam

184 1199 278 1262 futuri
313 1195 418 1260 Medii
459 1197 587 1260 formam
615 1199 697 1262 attici
721 1215 830 1288 poetae
857 1202 1005 1284 aspernati
1025 1215 1112 1276 suutt

135 1300 143 1316 '
186 1305 226 1376 uf.
247 1301 382 1367 Brunck.
404 1317 435 1366 et
453 1301 565 1366 Manu
586 1304 626 1367 ad
645 1303 722 1367 Eur.
742 1304 839 1391 Hipp.
858 1303 953 1380 1104,
974 1290 1110 1370 Fisclier.

184 1410 222 1474 ad
248 1409 376 1472 Weller.
397 1409 440 1486 ΙΙ,
463 1407 585 1494 p.428;
610 1409 649 1472 de
669 1410 769 1476 futuro
786 1409 903 1485 Medii,
920 1413 1001 1496 quod
1020 1433 1113 1477 seusu

184 1477 302 1578 activo'
313 1513 495 1599 usurpabant
527 1515 561 1577 iu
592 1513 695 1579 verbis
729 1515 930 1600 quibusdam,
971 1519 1011 1582 cl.
1037 1537 1113 1602 quos

185 1619 317 1683 laudavit
334 1619 446 1683 Matth.
467 1641 514 1706 gr.
536 1644 581 1707 gr.
604 1621 630 1698 §s
651 1617 733 1695 184,
760 1637 822 1685 not.
841 1623 871 1686 1.

270 1727 337 1793 Iam
369 1727 469 1811 pergit
501 1725 708 1792 Schneiderus
742 1726 782 1790 ad
819 1726 951 1790 ionicam
982 1729 1113 1792 formam

185 1820 278 1905 δύω,
307 1819 415 1916 quam,
447 1831 523 1894 licet
542 1831 705 1907 rariorem,
727 1855 818 1917 quam
840 1834 928 1897 attica
949 1821 1036 1911 urio,
1056 1850 1113 1898 tra·

184 1940 261 2024 giris
283 1937 511 2000 concedendam
531 1937 660 2026 censuit.
704 1933 754 2000 Cs.
776 1953 845 2001 ante
872 1959 977 2002 omnes
998 1938 1112 2004 Maru.

184 2067 231 2128 gr.
259 2065 306 2128 gr.
331 2043 362 2122 §.
384 2040 464 2118 138,
494 2056 525 2104 et
550 2062 625 2126 quos
645 2037 789 2104 laudavit.
829 2041 922 2104 Adde
944 2042 1053 2106 Herm.
1074 2044 1113 2107 ad

183 2151 259 2213 Eur.
287 2146 410 2210 Hecub.
434 2142 497 2226 45,
532 2142 669 2210 Brunclt.
699 2146 738 2208 ad
763 2144 880 2209 Aesch.
907 2145 1008 2210 Proui.
1036 2145 1113 2225 784,

183 2253 312 2317 Dobree
332 2254 370 2318 ad
391 2251 483 2316 Arist.
504 2250 606 2336 Equit.
629 2247 731 2326 1347,
756 2248 904 2314 Maittair.
925 2253 966 2316 de
986 2253 1058 2316 dial.
1079 2275 1112 2338 p.

183 2357 226 2424 46
250 2362 299 2422 ed.
321 2361 436 2432 Stura„
464 2356 632 2421 Wellauer.
653 2358 692 2421 ad
711 2355 827 2420 Aesuh.
849 2356 950 2420 Prour.
970 2355 1054 2432 780,
1082 2374 1114 2422 et

182 2463 296 2528 Btouf.
318 2463 391 2528 ibid.
412 2468 454 2543 (v.
474 2463 569 2540 803),
593 2459 708 2527 Osann.
728 2462 808 2552 Syll.
830 2463 926 2528 Inscr.
948 2463 982 2539 Ι,
1004 2485 1036 2545 p.
1058 2463 1112 2542 13,

132 2553 135 2560 ’
187 2570 244 2645 86,
275 2565 516 2648 1758028212.
537 2565 630 2652 Corp.
652 2569 748 2632 Iuscr.
770 2555 805 2642 Ῐ,
833 2592 864 2652 p.
885 2565 966 2644 132,
992 2567 1112 2655 Reisig.

188 2673 369 2744 Commentt.
396 2677 429 2737 iu
451 2669 533 2740 Oed.
554 2671 623 2738 Col.
645 2672 727 2748 317,
755 2674 936 2740 Schneider.
957 2677 995 2738 ad
1017 2677 1112 2760 Suph.

184 2781 291 2866 Antig.
312 2777 355 2844 55
373 2796 403 2844 et
415 2782 571 2876 Tltiersch.
592 2803 638 2866 gr.
659 2804 704 2866 gr.
727 2781 755 2862 ᾗ.
772 2779 846 2853 203,
866 2779 890 2843 2
911 2796 942 2842 et
960 2778 1036 2852 243,
1057 2782 1111 2856 33,

186 2881 300 2948 Goettl.
322 2885 361 2948 ad
382 2887 500 2951 1722οά.
520 2908 552 2970 p.
571 2884 653 2956 2123
682 2885 786 2974 Etym.
804 2882 857 2946 M.
879 2906 912 2967 p.
933 2881 991 2962 91,
1017 2885 1059 2950 35
1080 2902 1111 2950 et

184 3015 216 3074 p.
238 2988 317 3064 222,
338 2987 399 3065 22,
430 2991 567 3055 uastata
588 2971 626 3054 a‘a
644 2989 682 3053 u.
707 3011 749 3066 a,
769 3013 801 3073 p.
821 2987 881 3065 26,
900 2989 943 3054 rs
963 3006 994 3056 a
1012 3011 1055 3071 n,
1076 3013 1110 3080 p.

184 3096 266 3169 802,
289 3097 349 3170 33,
375 3115 504 3180 quorum
528 3111 708 3179 praecepta,
737 3117 815 3179 quae
835 3096 1111 3168 minimecotaseu-¹

185 3205 278 3277 tiunt,
307 3205 385 3266 inter
406 3223 439 3264 se
459 3201 621 3264 conciliare
642 3200 741 3264 studet
760 3197 898 3266 Fischer.
919 3201 959 3266 ad
979 3201 1110 3268 wellet.

186 3309 237 3381 ΙΙ,
279 3332 309 3391 p.
331 3305 404 3371 156.

270 3411 489 3496 Quaestionem
509 3411 589 3474 haud
608 3413 648 3474 ita
669 3412 810 3487 facilem,
829 3434 907 3498 quae
926 3429 973 3478 est
993 3412 1033 3476 de
1054 3435 1110 3478 usu

183 3519 350 3580 formarum
377 3515 426 3584 εἰς
453 3531 482 3580 et
501 3511 552 3590 ἐς,
578 3517 684 3600 paucis
705 3515 807 3581 verbis
828 3519 924 3604 attigit
943 3518 1110 3580 Schneide·

183 3644 237 3686 rus
259 3645 289 3705 p.
304 3619 355 3686 14.
388 3621 485 3704 Apud
502 3622 738 3710 Aristophanem
758 3621 883 3706 plurimi
903 3624 986 3706 iique
1004 3623 1109 3704 optimi

183 3728 308 3790 codices
331 3723 512 3811 plerumque
525 3727 653 3790 offerunt
675 3725 735 3804 εἰς,
756 3732 890 3810 exceptis
909 3726 1109 3792 locutionibus

183 3831 382 3918 quibusdam,
408 3854 463 3896 usu
483 3831 604 3919 vulgari
625 3832 719 3905 tritis,
744 3848 778 3895 ut
797 3828 829 3898 ἐς
846 3829 1055 3913 μακαρίαν,
1076 3828 1110 3902 ἐς

181 3929 364 4020 κόρακας,
395 3934 548 4016 iruulta,
577 3939 646 4006 aim.
687 3937 728 4002 V.
761 3941 869 4003 tuom.
896 3935 949 4006 M.
980 3961 1013 4026 p.
1031 3936 1110 4004 atu·
