2720 4650
1078 487 1099 534 V

178 679 286 766 tibur‘,
310 700 415 770 quum
435 691 501 773 'ego
526 678 658 749 duobus
674 687 804 748 tanturn
828 679 998 748 mensibus
1022 689 1100 772 poet

118 823 120 828 ’
180 840 312 923 apertae
347 845 456 926 novae
488 833 675 902 litterarum
699 830 942 902 Universitatia
955 832 1045 903 fores
1070 859 1099 903 a.

180 979 288 1054 18⁰2.
335 977 479 1077 Doipati
512 948 735 1073 advenissem,
784 1009 804 1053 a
842 985 1098 1076 perillustribus‚

178 1139 334 1228 quitum
358 1145 469 1226 erant,
503 1137 720 1209 (latratoribus
744 1140 882 1248 publica
905 1140 1100 1210 auctoritate

178 1301 314 1361 vocatus
338 1292 571 1384 Eloquentiae,
596 1291 667 1361 Lla'
689 1291 750 1360 Gr.
776 1300 809 1360 et
832 1291 917 1379 Lat,
940 1282 1101 1385 Antiqui-²
1147 1383 1150 1390 Ι

178 1453 296 1533 tatum,
318 1445 533 1516 Aestheticae
564 1456 597 1515 et
630 1445 802 1514 Historiae
820 1444 1024 1546 litterarum
1047 1455 1099 1514 at·
1135 1501 1138 1508 ,

178 1621 246 1689 ‘lue
268 1596 361 1668 'Artis
383 1598 421 1666 P.
446 1599 484 1667 Ρ.
501 1598 554 1689 0.,
577 1601 743 1710 'simulque
765 1597 1001 1670 Bibliothecae
1023 1621 1101 1708 aon-
1163 1681 1175 1696 f
1224 1691 1228 1694 .
1341 1625 1342 1634 κ

179 1750 331 1820 demicae
354 1749 565 1842 Praefectus,
589 1755 706 1845 paucis
728 1753 920 1847 significare
932 1737 1026 1825 haud
1042 1773 1100 1824 en·

103 1993 109 2002 ,
178 1927 422 2010 pervaoaneum
446 1929 518 1976 esse
540 1908 693 1997 arbitror,
716 1931 827 2000 neque
850 1933 871 1976 a
894 1931 931 1977 re
945 1907 1101 1978 alienum.

16 2117 17 2150 ;
125 2166 127 2169 Ι
178 2059 267 2128 Nam
292 2061 385 2151 quod
420 2061 455 2130 iu
479 2063 630 2132 oratione
653 2062 800 2150 aditiali,
846 2059 962 2130 habita
983 2061 1017 2130 d.
1042 2081 1102 2131 ιιι.

178 2213 262 2282 Dec.
289 2213 483 2284 cloloccou.
515 2216 628 2304 palam
660 2215 812 2304 profiteri
841 2212 935 2282 haud
966 2212 1103 2280 dubita-

180 2369 275 2456 bam,
305 2369 386 2436 alias
411 2375 522 2457 partes
554 2367 701 2435 muueris
723 2364 810 2435 mihi
827 2364 1024 2435 demandati
1047 2368 1103 2436 vel

179 2523 433 2592 adolescentum
458 2528 649 2590 nostronrm
670 2519 916 2628 existimatione
928 2541 1103 2592 commen-

151 2691 154 2697 ’
179 2677 353 2746 dationem
378 2697 472 2745 suam
497 2697 612 2744 secum
641 2675 746 2762 ferre,
777 2676 989 2768 antiquarum
1010 2674 1103 2743 litte-

180 2849 293 2899 rarum
317 2830 428 2898 studia
450 2828 542 2919 apud
565 2827 703 2896 eosdem
727 2849 797 2898 nou
820 2829 926 2915 ferre,
950 2811 1006 2896 vel
1029 2849 1108 2896 cer-

179 2995 215 3054 te
241 2985 358 3062 minua
380 2939 488 3073 ⁴quarn
518 2980 711 3071 oportebat,
764 2979 803 3048 id
823 2980 995 3049 verissime
1009 2986 1104 3073 tunc

180 3140 311 3208 dictum
334 3136 504 3229 putabam.
537 3116 670 3224 Nemq're
688 3130 830 3230 Livonia
852 3141 953 3224 atque
973 3121 1104 3203 Esthoss
1157 3107 1159 3112 ,

181 3293 237 3361 nia
260 3292 353 3381 quod
376 3298 468 3358 tanto
494 3287 669 3357 intervallo
693 3286 879 3358 disiunctae
901 3289 999 3356 ainta
1014 3287 1103 3356 Ger-

179 3445 311 3530 maniae
339 3452 455 3514 centro
486 3442 666 3528 litterario,
698 3447 751 3551 ¹ct
784 3441 879 3532 quod
912 3441 1106 3538 scholarum

178 3605 273 3668 recte
303 3596 558 3668 constitutarum
586 3597 740 3687 beneque
771 3595 1000 3667 ordinatarum
1040 3593 1103 3662 de·

179 3754 225 3821 sit
249 3750 422 3822 sufficiens
447 3773 623 3837 numerus,
673 3747 734 3818 has
764 3771 878 3819 causas
902 3747 1009 3817 videri
1031 3747 1104 3839 pri·

176 3904 303 3976 marias
326 3914 407 3975 tunc
431 3905 602 3992 diceban,
638 3925 703 3974 cur
727 3903 878 3974 Graecae
900 3899 1104 3992 latinaeque
