2726 4652
563 383 878 530 '⁶⁸”.

231 574 365 645 rorifer
385 613 456 644 -.
499 575 564 664 Qui
585 581 669 642 enim
691 599 759 644 rem
779 557 910 662 aliquam
930 591 1099 640 narraturus
1121 575 1165 640 ita'

180 672 187 690 ’
232 687 343 750 seiam
357 686 559 774 incepturum
579 705 645 748 esse
664 683 837 770 profitetur,
865 682 1008 744 contiuuo
1030 681 1160 766 quodam

232 793 317 856 vocis
337 807 441 854 tenore
463 789 554 854 facile
579 791 716 875 adiungit
737 798 868 874 sequens
890 786 1091 862 vocabulum,
1120 790 1161 852 ita

234 912 283 971 ut,
312 897 393 981 quod
424 897 462 961 ad
485 896 706 980 pronunciandi
738 897 885 958 rationem
912 895 1033 970 attinet,
1068 895 1162 958 orasis
1276 915 1282 928 ·

233 1002 353 1066 exinde
372 1003 444 1065 oriri
472 989 578 1086 possit,
607 1001 681 1066 licet
701 999 862 1068 scribendo
883 1017 943 1063 non
952 994 1160 1098 exprimatur.

183 1159 188 1172 .
232 1105 344 1173 Minus
374 1123 444 1192 apte
480 1108 610 1171 eandem
646 1097 806 1172 elisionem
835 1081 1006 1170 adhibuisse
1039 1105 1161 1170 videtur

232 1211 327 1280 Porso
348 1214 475 1278 adEur.
497 1211 620 1277 Hecub.
640 1213 715 1296 533,
737 1213 790 1277 ubi
812 1213 915 1277 locum
936 1213 1042 1298 tragici
1061 1212 1161 1275 cuius·
1234 1199 1245 1218 ’

232 1320 320 1394 dant,
339 1341 432 1407 quem
453 1317 549 1384 attulit
569 1321 673 1385 Scltol.
696 1320 808 1383 Vener:
829 1320 867 1382 ad
899 1317 937 1382 ll.
959 1319 994 1394 ἃ,
1014 1301 1138 1395 472,
1115 1338 1161 1381 sic

232 1423 401 1511 legendum
424 1427 583 1513 proponit:
616 1423 750 1496 Δέξαι·
773 1413 940 1510 ’φοβήθη
960 1427 1061 1501 παῖς,
1083 1447 1162 1509 quae
1190 1453 1194 1464 ’

232 1532 349 1594 maiore
382 1534 609 1598 sententiarum
629 1533 806 1598 discrimine
840 1521 988 1614 dirempta
1018 1530 1162 1593 continuo

112 1711 114 1716 ,
232 1633 287 1700 illo
320 1639 405 1700 vocis
440 1652 545 1700 tenore
577 1639 746 1702 consociari
770 1649 936 1720 nequeunt.
985 1635 1025 1698 V.
1053 1635 1162 1701 Herm.

131 1820 134 1824 ¹
232 1742 330 1839 praef.
359 1743 398 1805 ad
426 1742 502 1807 Eur.
523 1741 690 1832 Bacch.p.
712 1741 770 1820 19;
808 1741 926 1829 Reisig.
948 1743 1035 1833 Synt.
1057 1764 1087 1826 p.
1108 1743 1162 1808 30.

233 1844 328 1931 Quod
350 1848 554 1968 Sphneiderus
575 1873 606 1934 p
598 1847 662 1914 36
682 1871 738 1933 pro
758 1847 877 1914 insolita
898 1848 1026 1914 elisione
1047 1849 1162 1926 vendit,
1201 1859 1204 1866 '

233 1947 328 2018 aul'
329 1941 494 2035 μάτευες,
517 1959 559 2035 (v.
582 1956 676 2078 Soph.
699 1952 782 2020 Oed.
798 1958 836 2020 T.
857 1955 961 2030 1052)
982 1977 1017 2019 ea
1038 1957 1162 2040 quidem

134 2061 137 2068 ⁴
233 2061 364 2145 simplex
384 2063 477 2126 orasis
498 2076 558 2135 est,
591 2050 816 2142 κᾶμάτευες,
830 2059 1015 2126 Brunckio
1006 2080 1066 2124 ram
1087 2063 1161 2125 olim

167 2241 170 2248 ¹
232 2165 374 2253 probata,
395 2189 487 2253 quem
509 2189 540 2233 v.
561 2168 599 2231 ad
620 2169 714 2232 Arist.
736 2165 838 2252 Equit.
857 2165 939 2244 269,
960 2167 1162 2253 omnibusque

233 2277 357 2376 posthac
386 2273 606 2338 recentioribus
638 2272 813 2338 editoribus.
867 2271 1048 2338 Similem
1039 2299 1071 2337 ιιι
1098 2297 1162 2338 mo·

233 2381 343 2442 dunt
334 2401 396 2444 tam
416 2369 631 2443 Marklaatdius
657 2381 738 2466 apud
763 2377 839 2444 Eur.
863 2378 971 2465 Suppl.
992 2377 1057 2444 766
1078 2397 1162 2444 recte

232 2485 401 2548 restituerat'
441 2475 657 2560 uanatvue·
707 2519 748 2533 -
796 2485 933 2571 Longam
975 2487 1016 2550 de
1057 2488 1162 2552 iormis
1226 2516 1228 2520 ·

234 2578 357 2670 ἀνήρ,
398 2580 510 2672 ἀνήρ
545 2607 576 2654 et
612 2579 730 2672 &vaip
764 2591 999 2677 disputationem
1036 2593 1161 2658 instituit

233 2687 439 2760 Schneiderus
465 2717 497 2783 p.
525 2693 579 2761 46.
607 2717 671 2783 sq.,
698 2713 789 2780 atque
819 2697 853 2760 iu
884 2698 1053 2761 refellenda
1084 2701 1161 2763 crasi
1274 2691 1278 2694 ’

233 2791 365 2885 'timim
387 2793 569 2889 puaesnunc
590 2805 650 2868 iam
672 2801 710 2867 ab
730 2801 870 2868 omuibus
887 2805 954 2868 fere
975 2805 1047 2868 viris
1064 2805 1161 2871 doctis

232 2913 325 2976 unice
346 2933 420 2978 veta
436 2897 583 2985 liabetur,
604 2908 751 2986 multum,
776 2909 831 2973 sed
851 2911 978 2986 frustra,
1005 2909 1161 2975 laboravit.

162 3029 171 3038 '
232 3015 406 3081 Contractio
426 3017 495 3102 illa,
517 3039 591 3134 qua
593 3015 713 3080 litterae
735 3036 755 3079 o
776 3032 807 3078 et
827 3037 853 3081 α
873 3018 906 3079 iu
927 3023 957 3079 ui
977 3017 1161 3090 coalescunt,

196 3207 199 3212 1
233 3123 389 3188 Ionibus
380 3126 530 3208 imprimis
551 3138 581 3186 et
571 3085 734 3188 Doribus
755 3124 909 3185 convenit.
944 3121 1106 3185 V..Buttm
1099 3147 1159 3209 ..gr

233 3251 281 3314 gr.
305 3231 330 3305 3.
352 3226 495 3304 2211,
538 3249 611 3292 cum
642 3227 726 3292 Add.
754 3242 784 3290 et
815 3223 996 3313 Corrigend.
1046 3231 1160 3294 Stravii

209 3351 213 3368 ¹
235 3331 363 3422 Quaest.
380 3334 419 3395 de
442 3334 512 3430 dial.
533 3335 649 3401 Herod.
671 3333 763 3418 Spec.
785 3333 853 3408 111,
881 3358 912 3419 p.
934 3335 970 3408 3,
992 3337 1033 3398 11
1055 3351 1085 3400 et
1107 3335 1160 3401 12.

235 3439 326 3530 Quae
348 3456 448 3504 tamen
469 3442 560 3503 erasit
581 3438 700 3512 articuli
723 3433 743 3504 3
767 3456 798 3504 et
818 3437 852 3506 oi
872 3461 944 3518 cum
966 3463 991 3508 a
1015 3461 1161 3531 sequente
1212 3432 1218 3440 ’

234 3549 325 3610 etiam
347 3543 458 3611 A'tticis
486 3543 642 3624 tribuitur;
681 3548 801 3612 atticam
820 3548 964 3613 videlicet
985 3571 1052 3612 eam
1074 3566 1162 3614 vocat

236 3645 406 3738 Giegbrius
427 3645 500 3715 Cor.
520 3674 552 3736 p.
574 3651 637 3716 171
660 3639 800 3745 8ιιιιιει.,
821 3655 873 3740 qui
894 3653 978 3719 affert
999 3645 1193 3742 rii'r'Spw

235 3774 318 3838 not,
344 3749 526 3837 δι”ριστοιι
564 3780 595 3826 v.
616 3759 721 3826 Koen.
763 3753 874 3846 Neque
899 3785 966 3826 raro
991 3785 1028 3826 ea
1049 3764 1162 3849 legitur

129 3926 132 3934 ,
235 3865 268 3928 ἰιι
282 3853 438 3929 codicibus
447 3865 664 3968 ytgteribusque
685 3865 876 3944 editionibus,
899 3869 980 3934 und'e
1001 3871 1033 3934 iu
1053 3868 1160 3935 multas
1280 3920 1286 3930 .
