2726 4652
492 285 559 332 p

518 503 605 549 ,-ι
649 467 815 552 100-

186 683 199 731 ,·
222 662 439 751 paragogioum
459 621 628 729 arllribitum'
645 643 738 723 inisse¹
756 674 924 724 statuamus.
957 659 1047 723 Nam
1068 660 1150 745 quod

222 755 433 842 iliaamultae
454 765 580 840 formae,
600 765 635 826 in
654 781 672 825 a
692 781 743 828 aut
763 785 776 827 ι
796 778 950 840 exeuntes,
975 769 1053 828 hanc
1073 765 1151 828 litte-

223 894 289 936 ram
308 889 464 966 nunquam
490 869 661 953 accipiunt,
682 870 713 932 id
735 871 876 956 quidem,
903 885 987 933 recta
1008 885 1153 933 monente

224 975 394 1040 Matthiaeo
422 976 464 1037 in*
481 997 529 1062 gr.
557 997 605 1060 gr.
635 979 663 1052 h.
683 973 743 1050 41,
770 990 832 1040 not.
854 976 895 1049 3,
922 973 1058 1040 adhiberi
1090 997 1153 1037 non

125 1086 127 1098 '
223 1098 324 1172 potest
342 1087 536 1167 argumento,
558 1103 639 1158 eam,
660 1077 835 1164 ubicunque
855 1081 1021 1155 adiicietur,
1042 1081 1154 1164 prima-

224 1189 301 1250 riam
324 1183 414 1270 atque
433 1186 669 1271 antiquissimam
689 1188 819 1250 formam
839 1187 949 1262 fuisse,
977 1201 1011 1249 ut
1031 1182 1154 1248 arbitra·

224 1308 273 1357 tur
295 1289 494 1356 Buttmannus
519 1293 552 1353 in
576 1313 628 1378 gr..
645 1313 692 1379 gr.
719 1315 751 1376 p.
772 1288 825 1356 93.
869 1289 964 1376 Quod
989 1291 1092 1353 attinet
1114 1289 1154 1351 acl

226 1399 387 1482 particulas
410 1385 591 1478 πρόσθεν,
613 1387 781 1476 ὄπισθέν,
801 1398 890 1473 alias,
916 1392 1038 1461 omissio
1056 1414 1080 1458 ν
1098 1417 1152 1479 pa·

226 1505 362 1590 ragogioi
380 1501 427 1565 “in
456 1501 494 1568 iis
526 1502 732 1567 consideratur
756 1502 852 1567 veluti
879 1503 1044 1598 proprietas
1064 1498 1156 1586 ‹juse-

143 1643 146 1655 ·
227 1610 310 1682 dam,
331 1609 419 1670 metri
436 1607 529 1692 gratia
542 1609 698 1692 permissa,
718 1631 819 1694 neque
835 1609 1021 1672 conveniens
1040 1607 1157 1672 solutae
1263 1621 1282 1628 ‘

227 1713 363 1776 orationi.
411 1713 478 1775 *Sed
517 1734 537 1775 e
575 1713 728 1795 veteribus
763 1713 1017 1778 dorico-aeolicis
1050 1713 1156 1798 {onmis

127 1833 130 1844 ¹
227 1805 388 1898 aniona,
410 1815 570 1891 similibus,
590 1798 841 1904 rparagbgioum
855 1815 1017 1882 acrioribus
1030 1817 1158 1880 demunt

227 1922 415 2008 temporibus
435 1923 571 1987 additum
592 1924 686 1988 fuisse
703 1912 742 1988 111
756 1923 891 2002 voculis,
912 1924 998 1987 initio
1017 1923 1088 2003 ina
1105 1941 1157 1984 ex·

202 2061 204 2065 ·
227 2027 385 2104 euntibus,
406 2025 503 2113 probe
524 2031 630 2116 colligi
654 2047 742 2123 possp
772 2031 903 2094 videtur.
946 2026 997 2092 cf.
1017 2023 1158 2091 Fischer.

35 2134 40 2144 “
155 2145 156 2150 ’
227 2136 266 2198 ad
288 2135 418 2200 Weller.
439 2133 470 2210 1,
492 2158 523 2218 p.
546 2134 627 2209 189,
648 2133 761 2199 Marrh.
782 2159 836 2222 gr.
847 2159 893 2222 gr.
916 2137 942 2212 §.
963 2131 1024 2211 41,
1044 2149 1106 2198 not.
1123 2131 1157 2197 2.

229 2237 341 2303 Contra
361 2237 551 2305 Lobeclrium
562 2286 571 2316 ,
593 2241 813 2328 significantem
835 2243 873 2306 ad
893 2239 1008 2327 Phryn.
1029 2262 1063 2328 p.
1081 2237 1170 2314 284,

227 2347 428 2431 antiquiorem
459 2369 526 2414 esse
554 2349 683 2412 formam
703 2337 885 2427 πρὸσθεν,
915 2367 978 2409 non
1005 2334 1163 2426 aplane,

227 2451 391 2536 disputavit
416 2451 602 2517 Matthiaeus
630 2456 663 2516 in
683 2452 829 2516 Addend.
854 2454 893 2516 ad
912 2451 986 2516 Eur.
1007 2451 1159 2516 Androm.

227 2577 258 2639 p.
280 2554 356 2630 507,
377 2559 430 2641 qui
452 2561 602 2644 exempla,
625 2547 834 2638 111111ρὸ0913
855 2574 901 2623 est
921 2559 954 2622 in
974 2558 1108 2622 secunda
1129 2572 1159 2619 et

228 2675 332 2747 quarta
352 2662 480 2724 trimetri
508 2661 599 2738 sede,
627 2666 723 2726 attulit
742 2667 835 2726 haec:
869 2664 964 2752 Soph.
983 2663 1064 2728 Phil.
1085 2660 1159 2740 958,

229 2762 311 2830 Oed.
334 2761 404 2832 Col.
426 2765 512 2832 1534
538 2767 696 2838 er.13703
726 2764 989 2858 0011.Τ)11.263
1011 2784 1045 2848 et⁸
1064 2767 1159 2844 1483,

228 2875 319 2957 atque
350 2873 442 2938 etiam
473 2893 546 2936 cum
584 2873 711 2938 elisione
741 2874 776 2938 in
811 2876 923 2939 Traoh.
963 2874 1067 2950 1052,
1100 2896 1160 2959 qua

211 2967 370 3057 ,πρόσθε
391 2981 461 3045 satis
494 2980 586 3043 etiam
615 2981 698 3070 apud
736 2981 855 3045 Atticos
897 2980 1051 3054 firmatur,
1087 2981 1161 3056 licet

228 3072 393 3162 uniebat
412 3083 571 3172 aliquanto
592 3088 779 3170 frequentius
801 3079 847 3152 sit.
890 3083 1063 3150 Lobeckius
1086 3106 1159 3147 vero
1211 3103 1216 3114 ·

229 3189 270 3249 de
291 3191 362 3256 solis
383 3193 529 3279 prosaicis
550 3192 764 3275 scriptoribus,
796 3217 858 3256 non
885 3195 924 3256 de
946 3193 1042 3276 poetis
1064 3191 1160 3254 atticis

228 3291 346 3356 locutus
369 3310 431 3370 est,
461 3294 570 3381 quibus
590 3318 801 3382 nonprorsus
842 3298 1055 3384 abiudicandas
1092 3317 1159 3358 esse

229 3413 334 3460 censet
360 3399 486 3476 formas,
521 3419 546 3462 ν
573 3401 627 3464 1110
657 3421 806 3471 carentes.
855 3405 962 3494 Quum
994 3424 1069 3466 vero
1106 3399 1159 3463 illo

229 3519 367 3588 tempore
388 3525 486 3568 novae
502 3502 839 3590 Belleri'coltntones,
860 3515 899 3577 ad
913 3505 1044 3574 Platonis
1068 3525 1161 3590 opera

115 3603 117 3607 ¹
222 3612 405 3686 ,conlectam
425 3608 583 3676 Lobeclrio
603 3617 739 3680 nondum
759 3620 975 3690 innotuissent,
1003 3633 1103 3696 nuper
1128 3611 1161 3672 itt

118 3768 122 3778 .
198 3799 200 3807 .
229 3713 456 3803 Programmate
477 3719 607 3804 quodam
623 3723 820 3797 academico,
841 3690 913 3787 auiti
935 3722 1037 3796 1830,
1059 3717 1162 3800 multis

229 3817 393 3887 Platonicis
414 3824 489 3887 lonis
507 3822 644 3891 adhibitis
658 3827 896 3893 demonstratum
917 3810 1032 3892 1111111
1053 3823 1160 3888 doctis·

229 3927 341 4002 simus,
367 3924 462 3994 libros
490 3926 591 3996 MSS.
620 3954 682 3998 non
708 3934 832 4000 omnino
853 3931 979 4020 quidem
1000 3934 1033 3996 in
1056 3927 1161 3995 10111111
