2726 4652
515 441 896 554 -rs-'

166 670 256 732 adh.
287 668 327 758 133
349 636 423 731 Eur.
437 667 561 732 Hersol.
582 665 657 740 722,
680 663 728 736 uls
748 659 1008 753 &pyris-ripole,
1036 673 1089 737 ubi

166 795 196 836 v.
220 772 421 849 Elmsleiums
463 774 571 856 Suppl.
593 771 669 848 776,
699 775 805 840 Herm.
835 761 888 839 ὧν
916 771 1088 858 δ”οὕνεχ’

166 869 295 958 ἁ’γών
326 863 391 958 ἦν,
410 879 479 940 ‘ubi
500 901 531 941 v.
553 877 672 942 Markl.
695 897 725 943 et
745 863 877 955 Martha
917 883 1011 947 Herc.
1032 889 1090 947 sur.

164 984 261 1054 1163,
276 977 397 1063 Ἥρας
417 977 469 1048 ὅδ’
485 975 614 1066 οἷ’γών,
634 983 821 1052 Matthiaeus
834 989 935 1061 edidit,
957 1012 1090 1073 eumque
1200 1047 1203 1054 ,

163 1105 308 1172 sequutus
336 1087 470 1154 Bothius.
513 1088 565 1156 Gi.
586 1090 681 1158 Arist.
696 1092 793 1176 ¹Vesp.
813 1089 880 1156 534
901 1090 958 1154 col
979 1093 1092 1175 μέγας

163 1190 261 1256 ἐστὶν
282 1187 395 1276 ri'yclv
418 1228 456 1241 -
481 1238 491 1268 ,
518 1194 687 1260 Dindorfus
707 1199 861 1260 edendum
883 1200 999 1262 curavit
1019 1223 1092 1264 cum

161 1299 313 1362 Elmsleio
334 1299 456 1364 adEur.
469 1299 593 1365 Heracl.
615 1303 635 1364 l.
656 1301 678 1363 l.
720 1301 830 1386 Itaque
847 1305 943 1366 invito
963 1306 1091 1368 Schnei-

162 1406 238 1466 dero
266 1404 434 1490 legendum
464 1422 509 1470 est
537 1407 620 1494 apud
652 1407 747 1490 Soph.
771 1407 824 1469 Αἱ.
845 1407 897 1482 99,
917 1409 1091 1473 scisciam

45 1534 52 1540 ·
161 1501 330 1590 dadum,
371 1531 445 1574 cum
476 1509 651 1585 Lobeckio,
683 1512 867 1588 Schuelero,
902 1514 1090 1592 Hermanno,

55 1684 58 1692 ,
95 1697 98 1702 Ι
160 1600 324 1678 Dindorfio
358 1629 389 1679 et
419 1617 593 1693 Wundero,
630 1632 662 1680 ut
692 1618 807 1682 Electr.
837 1617 921 1682 1379
950 1613 1113 1703 ἅ’νὸρες’

125 1749 128 1756 ·
161 1713 304 1798 cedrina,
326 1719 469 1786 τελοῦσι
494 1705 674 1812 τοῦργον,
703 1726 846 1809 quoniam
874 1740 1000 1812 utroque
1022 1729 1091 1794 loco

90 1815 94 1828 ’
161 1829 203 1890 de
231 1827 322 1891 certis
349 1817 531 1912 quibusdam
558 1830 633 1895 viris
661 1831 768 1912 agitur.
812 1829 926 1895 Monk.
955 1827 993 1896 ad
1012 1835 1090 1899 Eur.

30 1953 32 1958 ·
159 1935 267 2018 Hippo
281 1931 376 1996 1005.
418 1930 555 1996 Bmuck.
572 1934 681 2028 Suppl.
703 1937 740 1999 ud
763 1935 856 1999 Arist.
878 1937 950 2026 Lys.
973 1959 1002 2002 v.
1017 1941 1091 2004 152.

159 2034 297 2102 Lobecls.
322 2038 360 2101 ad
381 2037 474 2122 Soph.
497 2037 552 2099 Ai.
576 2059 607 2101 v·
629 2037 660 2104 9.
705 2041 870 2104 Wellauer.
893 2045 931 2108 ad
951 2041 1089 2132 Choeph.

158 2141 235 2217 719,
257 2143 296 2208 ad
317 2141 419 2206 Prom.
433 2141 498 2208 347
520 2159 550 2206 et
572 2143 657 2207 Pers.
678 2141 731 2207 45.
774 2145 841 2206 Ind.
865 2149 901 2209 sd
929 2149 1003 2210 Eur.
1023 2151 1090 2233 Iplr.

159 2249 203 2312 A.
225 2249 276 2315 ed.
292 2244 470 2312 Markland.
487 2271 512 2314 s.
534 2271 564 2312 r.
584 2249 688 2322 erasis,
709 2247 818 2313 Herm.
838 2253 876 2312 ad
899 2252 992 2336 Soph.
1011 2253 1090 2318 Phil.
1155 2264 1157 2267 ’
1238 2277 1241 2286 ⁴

158 2353 214 2419 40.
236 2384 274 2399 -··
302 2355 340 2417 In
360 2355 538 2438 universnm
559 2355 789 2418 memorandum
812 2369 873 2430 est,
905 2359 1091 2426 vocabulum

160 2449 288 2542 ἀνήρ,
316 2458 369 2524 ubi
400 2459 502 2536 virum
528 2461 594 2524 sive
621 2462 796 2534 hominem,
829 2483 890 2523 non
912 2466 1090 2528 maritum

120 2587 122 2592 ·
159 2565 333 2650 significet,
362 2566 482 2648 paucis,
511 2579 543 2652 ut
564 2563 712 2640 vidimus,
740 2564 815 2629 locis
834 2566 1018 2655 Aeschyleis
1040 2594 1090 2633 ex·
1150 2553 1152 2560 ¹

159 2673 275 2756 ceptis,
303 2693 453 2755 nusquam
480 2672 578 2754 prima
605 2671 709 2755 longa
725 2672 857 2734 inveniri
878 2674 910 2736 in
944 2675 1090 2751 Senariis,

158 2779 231 2853 nisi·¹
243 2797 317 2840 cum
338 2776 465 2840 articulo
481 2777 635 2842 coalescat
645 2772 660 2852 ς’
678 2799 836 2860 nusquam,
859 2779 912 2842 ubi
925 2803 958 2844 ea
973 2781 1090 2868 syllaba

159 2881 264 2947 brevis
285 2882 339 2960 sit,
366 2883 479 2967 requiri
500 2883 680 2952 articulum,
711 2897 800 2966 atque
821 2885 854 2948 in
875 2882 993 2946 casibus
1014 2884 1090 2946 obli-

160 2988 240 3074 quis,
260 2983 313 3050 ubi
334 2985 374 3050 de
396 3003 480 3052 certo
499 2988 630 3072 quodam
652 2988 719 3049 viro
740 3009 840 3052 sermo
860 2988 907 3062 sit,
929 2990 1089 3053 articulum

160 3113 284 3176 semper
305 3092 384 3154 addi.
430 3092 493 3154 Sed
515 3093 719 3156 Schneiderus
740 3113 771 3174 p.
793 3087 836 3156 50
855 3093 984 3176 tragicos
1006 3097 1088 3156 omni
1137 3109 1138 3116 ’

159 3211 248 3259 atono
268 3196 406 3270 articulo,
424 3197 541 3260 litterae
557 3216 583 3258 cr
596 3219 652 3280 per
669 3199 766 3261 crasin
788 3199 891 3270 mixto,
913 3196 1088 3264 abstinuisse

160 3318 262 3376 ratus,
288 3317 339 3364 aut
360 3301 489 3364 elisione
513 3303 574 3377 uti,
596 3319 645 3364 aut
658 3326 696 3366 ex
711 3304 868 3386 epicorum
890 3325 946 3366 usu
968 3326 1106 3387 prorsus

159 3405 320 3492 depellere
333 3406 399 3470 vult
415 3407 585 3481 articulum,
607 3414 703 3490 quem'
721 3423 822 3479 tamen
840 3398 970 3492 praefixa
992 3410 1089 3472 littera
1197 3421 1204 3431 '

159 3529 197 3589 τ,
234 3534 295 3597 qua
322 3511 442 3578 facilius
469 3528 728 3598 cognosceretur,
763 3515 957 3580 commisceri
975 3529 1088 3598 'passos

159 3618 251 3682 fuisse
279 3618 408 3702 tragicos
435 3632 549 3682 censet.
602 3614 647 3678 At
670 3608 822 3702 quomodo
848 3619 972 3691 exinde,
1007 3619 1089 3700 quod

159 3709 680 3802 1οτιιιεε901μάτιον,9οὕδωρ
702 3724 905 3808 reperiantur,
933 3745 1088 3807 nunquam

160 3847 234 3891 vero
253 3817 398 3908 luituris,
430 3815 537 3909 ἱᾰχή,
564 3817 646 3906 dds,
673 3829 802 3907 similia,
832 3826 929 3914 (quod
951 3833 1089 3914 profecto

89 3993 96 4008 ,
161 3936 234 3999 non¹
250 3936 440 4014 mirandum,
469 3955 564 4020 quum
591 3956 653 4000 non
673 3949 789 4000 temere
811 3935 969 4021 quisquam
989 3936 1089 4000 adhue
1114 3955 1115 3960 ¹

825 4039 868 4102 10
