2726 4652
536 481 603 518 ·-.
635 445 710 522 119
758 481 791 502 ·-

205 605 1136 734 fflwmmfflmmmwffln

205 747 343 817 bebatur.
378 746 416 809 V.
431 747 537 836 Etynu
557 744 612 810 Μ.
632 741 707 821 484,
726 742 781 811 34.
798 743 894 810 Porso
912 745 952 810 ad
970 748 1043 812 Eur.
1055 750 1136 814 Hec.

204 853 269 918 253
289 841 387 938 δύνᾳ
412 855 509 939 magis
539 853 659 916 atticum
679 853 809 915 formam
824 873 895 936 ¹osse
915 853 998 917 dixit.
1042 854 1138 940 Quod

205 961 288 1022 unde
307 961 448 1033 hauserit,
469 983 531 1021 non
548 975 666 1022 temere
677 959 836 1042 quisquam
852 958 1008 1023 indicabit.
1051 962 1138 1026 Nihil

205 1067 350 1148 impedit,
378 1087 438 1149 quo
459 1067 560 1146 minus
580 1065 635 1128 illo
655 1063 725 1129 loco
754 1057 841 1130 ὅσον
873 1055 967 1148 δύνῃ
988 1088 1043 1150 pro
1064 1089 1138 1131 con-

204 1173 342 1236 iunctivo
371 1171 573 1257 intelligatur3
606 1192 633 1234 v·
658 1169 773 1245 Matth.
798 1172 836 1234 od
863 1171 942 1236 Hec.
968 1171 1034 1236 l.l.
1083 1172 1138 1237 De

205 1279 310 1341 dorico
333 1265 446 1361 δύνᾳ,
469 1277 551 1360 quod
575 1275 688 1361 legitur
709 1277 743 1338 in
764 1280 893 1340 Theocr.
917 1275 1008 1366 Idylt
1031 1278 1082 1356 X,
1104 1279 1138 1354 2,

205 1355 1316 1470 rwmmumnfflfflnffl'·

202 1492 306 1574 minus
328 1488 541 1573 probaverim,
569 1489 651 1574 quod
670 1488 865 1552 Hermunnus
890 1490 924 1552 iu
945 1490 1037 1574 Soph.
1058 1491 1138 1556 Phil.

204 1594 270 1658 787
292 1611 394 1658 contra
424 1595 517 1659 libros
538 1597 657 1679 scripsit
679 1585 723 1658 οὐ
746 1585 861 1680 δύνᾳ,
889 1595 944 1660 ubi
964 1619 994 1661 v.
1016 1598 1138 1662 Scltuei'.

205 1717 236 1764 et
264 1700 377 1764 Buttm.
419 1700 583 1785 Vulgatum
610 1701 800 1764 retinuerunt
831 1700 1025 1778 Wundetus,
1053 1702 1139 1768 Mut-

206 1809 320 1870 thiaeus
344 1808 378 1869 in
403 1807 455 1884 ed.¹
482 1805 617 1892 Weigel.
644 1822 675 1870 et
706 1803 903 1880 Matthaeius·
957 1808 1059 1875 Aliter
1088 1833 1139 1875 res

205 1912 297 1976 habet
324 1912 396 1976 ibid.
422 1935 452 1977 v·
474 1911 556 1986 838,
584 1910 637 1974 ubi
663 1913 697 1974 in
717 1934 807 1976 versu
825 1913 923 2002 lyrico
944 1904 1042 2001 δύνᾳ
1062 1918 1140 1983 nihil

205 2019 381 2082 offensionis
403 2017 502 2080 habet.
546 2049 587 2062 -
630 2015 691 2080 Pro
711 2019 847 2082 secundo
874 2020 1049 2107 imperfecti
1070 2047 1139 2108 per·

205 2147 278 2189 sona
307 2107 363 2206 ἧς,
388 2145 480 2208 quum
508 2122 663 2186 soloecrm
683 2138 772 2186 vocnt
792 2122 984 2212 Phrynichus
1011 2150 1041 2210 p·
1063 2126 1139 2207 149,

128 2291 132 2298 .
205 2233 289 2316 opud
314 2231 444 2322 tragicos
472 2230 660 2292 recentiores
686 2245 771 2292 recte
798 2232 991 2294 restituerunt
1016 2235 1139 2300 atticum

206 2323 321 2419 ἦσθα.
361 2335 400 2399 V·
429 2332 547 2398 Markl.
580 2332 667 2398 Both.
699 2351 730 2398 et
754 2334 868 2399 Motth·
896 2337 935 2400 ad
962 2337 1037 2402 Eur.
1070 2339 1138 2428 Iph·

206 2445 248 2506 A.
269 2441 335 2508 340
362 2458 394 2506 et
421 2443 463 2512 cf.
485 2440 561 2504 Lob·
589 2440 630 2504 od
654 2440 707 2505 Αἱ.
728 2440 802 2505 611.
854 2440 948 2506 Adde
969 2445 1140 2509 Wellsuer.

205 2551 245 2614 ad
266 2549 383 2614 Aesch.
405 2543 543 2631 Choeph.
565 2543 647 2620 355,
675 2547 782 2610 Herm·
809 2549 848 2611 od
867 2549 942 2612 Eur.
964 2549 1058 2614 Herc.
1080 2553 1139 2614 fur.

206 2653 301 2721 1387.
321 2639 483 2718 Rariorem
519 2653 710 2742 Phrynichus
737 2668 827 2716 vocat
857 2677 888 2738 p.
913 2653 978 2718 236
1010 2658 1139 2720 formant

206 2759 297 2846 ἔφης
317 2777 348 2825 et
363 2761 576 2836 vetustiorem,
597 2759 780 2844 plerumque
800 2755 948 2843 ἔφησθα
967 2763 1030 2825 dici
1053 2775 1139 2826 testa-

207 2883 264 2931 tur.
307 2867 345 2930 V.
367 2864 559 2930 Lobeckium
589 2881 620 2927 et
645 2865 728 2948 Add.
758 2867 796 2928 nd
826 2865 939 2929 Buttm.
966 2890 1011 2953 gr.
1034 2891 1079 2953 gr·
1106 2893 1138 2957 p.

206 2963 427 3040 428'01430:
463 3001 506 3022 ·-·
549 2972 684 3058 Transit·
700 2971 848 3054 deinceps
876 2995 907 3054 p.
936 2971 960 3036 7
985 2975 1022 3035 ud
1047 2974 1139 3056 plus.

207 3082 472 3164 quamperfectum
510 3068 613 3162 ᾔδειν
642 3079 708 3140 sive
750 3067 838 3158 ᾔδη,
877 3067 991 3161 ᾕδεις,
1036 3071 1146 3162 ἤδης,

208 3177 378 3267 ᾔδησθα,
412 3183 501 3268 atque
529 3183 608 3245 houd
630 3182 740 3245 iniuria
761 3185 852 3244 etiarn
872 3182 984 3248 Atticis
1006 3188 1140 3250 vindicat

208 3314 405 3356 communem
438 3291 681 3354 terminationem
715 3278 822 3372 ᾔδειν.
881 3287 975 3356 Adde
1003 3292 1138 3357 Pierson.

208 3400 247 3461 ad
277 3396 381 3461 Moer.
420 3419 451 3480 p.
486 3397 564 3469 173,
601 3393 714 3457 Mutth.
746 3417 793 3481 gr.
815 3419 860 3481 gr.
890 3399 906 3474 §
945 3397 1025 3470 198,
1059 3398 1083 3460 4
1109 3413 1140 3460 et

208 3507 236 3582 §.
257 3503 340 3578 231,
366 3501 396 3567 2.
439 3505 595 3566 Thiersch.
618 3515 731 3588 gr.'gr.
754 3505 778 3580 §.
800 3499 883 3577 243,
913 3501 957 3566 40
965 3547 974 3575 ,
1001 3501 1138 3568 Fischer.

116 3671 120 3678 ,
208 3611 248 3673 ad
271 3609 398 3670 Weller.
415 3607 473 3683 ,ΙΙ,
494 3633 524 3693 p
545 3607 627 3681 372,
655 3603 767 3670 Monk.
791 3609 829 3670 ad
853 3609 926 3671 Eur.
948 3609 1043 3692 Hipp.
1065 3608 1138 3672 407.

209 3717 357 3799 Loquitur
385 3716 591 3797 Schneiderus
619 3715 691 3798 μδ
720 3715 890 3776 deformis
918 3715 1014 3778 atticis
1040 3705 1139 3800 κλῄς,

209 3811 324 3905 κλῄω,
345 3821 524 3904 κλῇθρον,
550 3808 709 3898 siurilibus,
730 3841 804 3905 quus
824 3819 915 3881 etiam
934 3823 1056 3907 tragicis
1077 3846 1138 3885 uon

209 3951 335 4018 prorsus
362 3929 477 3996 alienes
502 3951 570 3994 esse
595 3943 679 3994 recte
700 3926 829 4004 iudicat,
856 3925 930 3990 licet
951 3929 1056 4014 negari
1077 3952 1139 3994 non
