2720 4650
792 263 811 296 l

508 451 756 530 ..19-

170 645 367 732 Heindorfius
391 645 551 711 illustravit
578 650 616 712 ad
644 649 719 713 Plat.
742 645 840 736 Gorg.
863 654 893 730 ᾗ.
914 647 975 722 29,
1007 663 1037 710 et
1058 649 1097 714 ad

169 755 274 818 Horat.
289 755 350 818 Set.
370 752 396 827 I,
417 751 444 822 Ι,
466 752 497 819 ὃ.
541 751 631 838 Quae
653 754 797 819 facillima
817 757 890 818 ratio
911 756 937 820 si
960 756 993 818 in
1011 776 1096 818 mett·

61 927 66 931 ,
170 875 232 923 tem
251 859 394 942 ,venisset
422 858 586 935 Elmsleio,
614 865 696 924 hunc
724 862 827 926 locum
848 861 940 945 plane
961 860 1097 923 alienum

169 968 308 1050 prolecto
327 967 459 1028 emisset.
502 967 612 1051 Neque
639 968 722 1032 enirn
743 970 794 1062 hic
816 969 856 1029 de
878 957 926 1030 α”ν
951 966 1097 1049 particula

168 1091 269 1134 sermo
291 1091 357 1134 esse
378 1085 485 1154 potest.
499 1069 692 1136 -Ultim'os
713 1090 839 1159 quatuor
858 1075 953 1148 locos,
980 1072 1097 1136 Aesch.

161 1175 392 1264 ,Agam.1383,
414 1172 551 1260 Choeph.
575 1177 648 1256 338,
667 1180 743 1266 Eur.
765 1178 837 1250 Alc.
850 1177 925 1256 893,
945 1177 1096 1242 Androm.

169 1281 265 1359 1284,
287 1281 340 1346 ulti
361 1283 500 1376 uonttulli
522 1286 652 1349 editores
674 1277 721 1346 cir
743 1287 877 1348 inserere
898 1285 996 1350 conati
1017 1297 1097 1355 sunt,

170 1391 253 1476 quod
278 1391 342 1453 iton
363 1411 443 1474 opus
462 1412 529 1456 esse
551 1408 635 1454 recte
657 1392 769 1454 iudicat
788 1390 955 1455 Elmsleius
989 1391 1097 1464 (exce-

143 1553 146 1558 .
170 1498 270 1580 perim
287 1497 362 1559 Eur.
379 1493 453 1558 Alc.
476 1493 550 1574 893,
569 1497 620 1563 ubi
643 1519 673 1559 r.
696 1498 804 1562 Herm.
826 1499 857 1562 in
877 1496 948 1560 edit.
969 1490 1104 1558 Moukii'

117 1669 121 1678 ,
169 1603 342 1680 novissima)
367 1603 469 1668 maltis
490 1619 670 1688 pertractare
692 1604 819 1690 longum
842 1618 898 1666 est.

254 1707 271 1772 Ι
301 1709 394 1772 dativi
431 1709 603 1794 singularis·
623 1709 702 1792 apud
727 1710 872 1796 Tragicos
892 1710 1018 1794 quidem
1039 1705 1096 1770 ra-

169 1815 326 1877 rissime
355 1813 487 1877 eliditur.
531 1813 617 1899 Quin
647 1815 738 1878 etiam
770 1817 910 1889 luerunt,
938 1795 991 1900 qul
1017 1817 1096 1879 ltauc

169 1920 329 1984 elisionem
351 1920 443 2004 plane
471 1919 692 2004 improbarent,
721 1935 753 1984 ut
774 1921 941 1986 Elmsleius
960 1920 999 1983 ad
1019 1919 1096 1983 Eur.

169 2026 292 2090 Heracl.
306 2023 381 2102 693,
402 2027 455 2109 qui
475 2027 577 2090 multis
599 2027 675 2092 locis
698 2028 781 2090 varie
802 2027 922 2094 mutatis
940 2047 1096 2110 uunquam

169 2156 237 2196 eam
264 2135 444 2216 permissam
469 2132 565 2196 fuisse
593 2133 752 2202 ostendere
781 2149 916 2197 conatur.
965 2128 1016 2200 Cf.
1038 2132 1097 2216 Lo·

168 2235 259 2300 baclr.
287 2238 333 2304 ad·
354 2240 448 2326 Soph.
478 2236 531 2298 At.
559 2259 589 2320 p.
611 2236 675 2301 340
702 2259 746 2322 sq.
792 2236 934 2322 Quorum
956 2235 1095 2314 locorum

167 2366 220 2408 eos
248 2345 454 2408 tautummodo
485 2349 653 2410 accuratius
681 2343 935 2434 examinabimus,
974 2343 1027 2430 qui
1057 2363 1097 2406 ex

166 2465 267 2513 nostra
285 2451 411 2534 quidem
431 2451 577 2540 sententia
599 2472 659 2512 non
680 2453 720 2513 ita
744 2451 834 2514 facile
856 2450 1008 2514 removeri
1029 2469 1098 2533 pos·

164 2571 255 2632 sunt3
276 2556 410 2640 reliquos
439 2578 512 2620 vero
550 2557 655 2638 paucis
685 2559 973 2621 commemoravisse
1005 2556 1096 2619 setius

167 2662 235 2724 erit.
278 2659 313 2738 Ι)
356 2661 432 2724 Eur.
459 2661 578 2726 Alcest.
604 2661 710 2740 ,11203
753 2649 874 2745 τόλμα
893 2659 1097 2744 προτεῖνειν

166 2769 275 2848 χεῖρα
306 2763 371 2857 rrul
398 2765 518 2850 θιγεῖν
544 2766 671 2850 ξένης,
704 2766 767 2832 καὶ
797 2760 875 2860 μὴν
905 2766 1096 2850 προτείνω,
1147 2827 1150 2834 .

167 2862 322 2974 Γόρχον’
345 2865 395 2940 dis
415 2864 627 2960 καρατὸμῳ.
651 2910 689 2922 -
713 2874 803 2960 Quae
823 2858 882 2939 nisi
903 2877 1039 2970 omnium
1061 2874 1097 2936 li·

73 3042 78 3052 ,
167 2978 292 3042 brorum
314 2997 393 3046 esset
415 2980 517 3053 lectio,
539 3004 601 3042 non
623 2983 816 3065 repudiarem
830 2981 970 3047 Elmsleii
991 3001 1097 3042 emen·

168 3084 321 3150 dationem
329 3075 485 3166 Γοργόν’
494 3079 542 3156 olr
556 3076 783 3170 καράτομον,
794 3088 951 3154 subaudire
967 3069 1095 3161 οὖσαν,

169 3205 202 3253 ut
234 3191 273 3254 sit
296 3192 495 3254 'accusativus
526 3191 690 3258 absolutus.
719 3194 828 3282 Haec
854 3195 978 3258 fortasse
1006 3194 1097 3256 etiam

128 3305 136 3321 '
168 3292 318 3360 Lobeolrii
340 3299 487 3361 sententia
514 3313 561 3361 est
586 3299 625 3362 ad
652 3299 706 3362 At.
735 3322 768 3384 p.
796 3297 876 3376 3443
904 3315 987 3386 putat
1013 3301 1097 3362 euim
1182 3370 1184 3378 Α

167 3399 360 3464 librariorum
378 3391 591 3467 lentitudiuerit
612 3409 695 3470 hunc
713 3406 817 3474 locum
838 3429 857 3471 a
880 3422 962 3472 rocta
983 3407 1097 3470 ratione

169 3507 341 3570 detorsisse.
388 3506 495 3571 Altera
522 3513 604 3572 enirn
634 3512 807 3600 explicandi
831 3515 927 3588 lotio,
953 3534 1043 3596 quam
1065 3511 1098 3571 in
1182 3545 1186 3552 ·

168 3613 498 3696 Addendis,Ptoponit
527 3617 709 3690 Eltttslcius‚
740 3609 891 3701 aliquanto
912 3618 1014 3679 durior
1036 3629 1096 3677 est:
1177 3639 1183 3648 ·

169 3715 512 3800 „Responderedebuit
532 3720 684 3788 Admetus
703 3757 742 3768 ·-
761 3715 809 3791 uir
830 3711 1013 3804 Γοργόνος
1034 3739 1097 3782 mr·

169 3811 337 3903 ρατόμου
355 3814 583 3908 (Sudorem).
612 3826 683 3912 Qua
697 3829 916 3920 significatione
935 3809 997 3892 uoti
1017 3828 1097 3890 male

169 3927 307 3994 sehabet
329 3921 481 4018 Γοργόν’
505 3924 553 4002 uls
574 3921 798 4016 καράτομον.
833 3935 904 4000 Non
925 3957 992 4000 raro
1014 3919 1098 3998 eitim
