2726 4652
404 419 406 432 ·
506 387 795 498 -aa-.

170 589 261 652 metri
289 587 362 650 ratio
382 586 522 668 postulet.
566 587 708 649 Alterum
729 563 789 648 hbc
808 585 841 648 in
862 584 992 669 tragicos
1011 599 1096 674 certe
1200 637 1202 641 .

69 699 70 703 ’
171 696 284 760 cadere
310 693 364 785 νὴ.
388 705 503 774 potest,
535 706 568 757 ut
594 681 677 775 apud
699 711 773 778 quos
794 691 944 754 rarissime
967 690 1097 754 elidatur

172 797 303 863 verbum
334 812 403 860 ante
436 795 565 860 brevem
596 796 757 872 vocalem3
796 796 946 882 aliquanto
977 787 1097 881 iaepius

63 957 66 966 ,
171 905 253 989 apud
285 903 520 985 Aristophanem
549 901 703 964 licentiam
734 903 813 964 hanc
842 903 1000 968 ferendam
1029 923 1097 964 esse

172 1031 263 1092 supra
288 1008 429 1072 vidimus.
479 1004 530 1071 Cf.
551 1005 670 1069 saloma.
695 1006 734 1069 ad
759 1006 867 1090 Eurip.
894 1007 995 1094 Iphig.
1021 1005 1097 1070 Aul.

172 1113 248 1189 407,
269 1111 381 1176 Matth.
403 1136 448 1198 gr.
468 1136 515 1198 gr.
537 1115 564 1190 §.
584 1109 637 1176 45.
680 1111 790 1174 Herm.
809 1110 937 1192 Praelat.
960 1115 998 1176 ad
1021 1113 1098 1176 Eur.
1128 1175 1132 1184 ,

171 1220 286 1282 Bacch.
306 1241 336 1302 p.
357 1214 451 1282 1159.
494 1218 602 1281 Elmsl.
624 1198 663 1281 dd
683 1213 794 1280 Bacch.
814 1218 917 1294 107ος
958 1216 1096 1287 Bruncls.
1156 1195 1161 1206 .
1209 1285 1212 1294 ,

54 1365 58 1372 -
170 1327 209 1390 ad
229 1324 323 1386 Arist.
344 1327 468 1388 Thesm.
488 1321 554 1388 217
581 1338 613 1387 et
635 1325 675 1389 ad
694 1322 800 1401 Aves,
821 1345 853 1387 v.
872 1322 946 1389 959.
985 1326 1097 1410 Neque

171 1428 292 1514 probari
319 1444 465 1512 possunt,
496 1451 574 1514 quae
605 1417 810 1493 Schneiderus
841 1431 995 1514 proposuit
1025 1421 1097 1511 ἐγὼ

36 1551 37 1554 ’
163 1528 321 1620 ”φρα6α,
342 1524 395 1616 μὴ
412 1520 546 1611 ”aimei
565 1525 749 1618 ''sd‘tftcatrtm¹
762 1526 815 1616 μή
832 1527 957 1618 ”pounb
975 1535 1097 1608 similia,

170 1665 266 1728 quum
287 1655 415 1704 accentu
433 1641 592 1704 intendere
610 1643 740 1706 voluerit
759 1639 917 1731 syllabam,
939 1661 1017 1727 quae
1034 1663 1097 1704 nou

169 1750 273 1820 adest,
301 1745 392 1830 eique
417 1745 534 1810 absenti
556 1750 770 1830 cenotaphium
791 1749 892 1832 quasi,
915 1763 947 1810 ut
966 1743 1096 1811 Gentin-

170 1857 237 1939 gius
258 1874 320 1913 nou
340 1852 467 1934 illepide
488 1854 571 1940 dicit
588 1857 620 1916 in
640 1851 763 1930 libello,
792 1875 885 1938 quem
913 1855 953 1918 de
972 1829 1100 1940 linguae

170 1979 299 2044 graecae
319 1973 448 2019 accentu
468 1958 561 2019 edidit
583 1962 609 2034 §.
634 1956 694 2032 44,
715 1956 755 2033 2,
777 1959 990 2022 exstruendum
1011 1973 1110 2023 cura·'

169 2066 257 2127 verit.
301 2060 351 2124 Cf.
372 2061 484 2125 Buttm.
506 2087 553 2148 gr.
573 2085 621 2148 gr.
642 2068 667 2140 ᾗ.
688 2061 748 2138 29,
769 2080 830 2126 not.
851 2062 888 2138 6,
905 2078 936 2126 et
957 2064 1052 2126 Wolf.
1073 2066 1095 2128 l.

170 2170 192 2234 l.
218 2193 250 2251 p.
271 2165 355 2242 444,
389 2169 441 2254 qui
475 2155 553 2231 h'and
588 2170 828 2252 orthographiam
856 2183 959 2232 contra
985 2168 1096 2232 bonam

170 2275 303 2360 logicam
326 2293 456 2356 peccare
470 2276 597 2338 censuit.
620 2271 669 2339 Cf.
683 2274 814 2356 Ephem.
835 2274 891 2336 litt.
913 2269 1097 2348 lenitate,
1175 2301 1179 2311 ·

169 2405 201 2444 n.
223 2371 298 2445 117.
345 2379 433 2442 Licet
461 2379 545 2442 enim
563 2395 692 2442 statuere
709 2377 885 2454 debeamus,
906 2369 959 2460 μή
982 2374 1097 2460 ἔχοιμι

169 2508 226 2569 per
247 2487 346 2548 crasin
366 2485 597 2567 pronunciatum
617 2483 710 2548 luisse
730 2460 911 2566 μή”χοιμι,
933 2467 1049 2560 tumen,
1070 2486 1095 2550 si
1170 2553 1176 2572 .

169 2589 318 2654 vocabula
332 2605 517 2674 separantur,
537 2577 707 2654 immutatus
724 2592 889 2675 particulae
911 2582 964 2672 μή
986 2611 1096 2657 accen·

169 2713 214 2760 tus
238 2697 414 2760 servandus·
429 2712 491 2772 est,
518 2719 615 2780 quum
644 2699 734 2781 periti
760 2699 882 2764 lectoris
911 2695 993 2760 oculi
1014 2697 1096 2761 bene

168 2803 299 2866 calleant
319 2802 475 2885 utriusque
494 2802 635 2866 vocabuli
656 2819 827 2878 accentum,
847 2819 936 2888 atque
957 2803 997 2864 de
1017 2803 1095 2867 crasi

168 2921 290 2970 moneat
320 2908 450 2971 coronis.
504 2901 615 2992 Neque
632 2897 743 2970 ⁴tamen
773 2908 1028 3004 repugnaverim,
1069 2910 1095 2970 si
1148 2979 1149 2983 Ἰ
1182 2957 1186 2965 .

169 3013 236 3097 quis
256 3015 333 3074 haec
354 3034 411 3095 per
431 3013 599 3100 synizesin,
629 3013 715 3075 cuius
742 3035 832 3078 usum
857 3014 918 3074 iam
940 3011 1095 3074 Buttman-

168 3142 237 3191 nus,
258 3140 360 3202 neque
382 3117 414 3180 id
435 3117 559 3192 iniuria,
581 3118 669 3182 latius
689 3118 832 3190 extendit,
857 3139 947 3201 quam
968 3117 1095 3180 Schnei-

167 3227 259 3286 derus
285 3247 317 3308 p.
339 3219 404 3297 34,
426 3223 623 3307 exprimenda
649 3245 717 3288 esse
742 3220 910 3285 arbitretur.
953 3223 1096 3308 „Super-

168 3345 224 3405 est,
246 3333 459 3405 utmoneam‚“
481 3329 833 3414 pergitSchneiderusp.
846 3325 899 3406 55,
921 3352 984 3406 „ne
1004 3323 1111 3392 inter?

167 3435 334 3516 punctione
354 3435 478 3519 quidem
503 3435 675 3521 interposita
701 3435 799 3497 deleri
820 3435 1095 3518 prodelisionem.“

165 3539 279 3603 Nullus
300 3542 423 3604 omnino
443 3542 476 3604 in
494 3539 602 3612 talibus
623 3524 771 3628 exemplis
792 3540 987 3624 prodelisioni
1008 3540 1095 3604 loeus·

167 3669 235 3712 esse
255 3661 363 3736 potest.
392 3645 486 3710 Arist.
499 3644 582 3711 Nub.
600 3643 686 3711 1351
707 3637 778 3728 a’yct
800 3636 948 3732 φράσω·
976 3635 1093 3724 ἐπειδὴ

168 3744 243 3834 γὰρ
255 3771 317 3798 -·
338 3751 535 3818 scribendum
555 3773 627 3819 cum
637 3749 803 3828 Brunckio,
823 3753 971 3834 optimum
989 3771 1095 3834 quem·

168 3882 229 3946 que
250 3860 393 3927 codicem
414 3876 558 3948 aequum
590 3860 685 3948 Soph.
712 3857 793 3922 Phil.
811 3854 878 3924 591
900 3854 1019 3939 λέγω·
1039 3851 1094 3920 e'nl
1204 3938 1211 3952 l
