2726 4652
556 433 834 562 0-102-

233 647 398 706 an'anuum,
430 626 512 711 quod
532 626 565 688 in
585 623 733 690 librorum
753 623 867 712 aliquot
886 626 1075 716 Thucydidis
1095 626 1163 690 fini·
1196 683 1200 694 .

231 737 290 802 bus
310 749 414 802 contra
437 727 589 794 Codicum
608 731 814 806 auctoritatem
834 729 930 796 verbo
952 728 1164 816 ξυνέγραψε

232 840 449 928 paragogicum
469 856 494 900 ν
514 837 688 900 addendum
708 849 840 900 censeat.
882 837 973 902 Idem
992 841 1025 901 in
1045 837 1163 902 Attico-

232 970 302 1012 rum
322 945 409 1033 poesi
430 942 623 1006 falsissimum
642 963 710 1007 ease
731 942 874 1018 affirmat,
902 942 983 1028 quod
1007 944 1101 1028 vulgo
1122 943 1164 1008 de
1248 1019 1251 1038 ι

194 1113 197 1122 ,
230 1072 257 1117 ν
276 1051 452 1137 paragogici
480 1069 538 1126 usu
565 1047 599 1111 in
627 1070 734 1115 versus
758 1049 894 1113 clausula
917 1070 1097 1135 magnorum
1117 1051 1164 1113 vi·

231 1179 337 1222 rorum
364 1169 561 1240 praeceptum
583 1154 660 1240 legis
680 1155 773 1218 instar
792 1155 910 1217 tradere
931 1155 1055 1219 soleant.
1099 1155 1164 1218 Sed

231 1265 266 1328 in
286 1259 556 1346 Inscriptionibut,
585 1276 683 1354 metro
708 1261 797 1345 epico
818 1261 990 1346 conceptis,
1016 1283 1036 1324 e
1056 1261 1164 1346 regula

128 1429 131 1441 ,
231 1385 315 1434 certa
348 1383 413 1432 tum
446 1367 514 1430 iere
545 1381 716 1459 constantet
741 1367 837 1430 omitti
871 1386 897 1430 r
934 1368 1164 1453 paragogicum,

231 1497 327 1560 quum
349 1495 479 1559 sequeus
500 1494 607 1538 versus
628 1493 761 1536 consona
781 1473 880 1537 littera
899 1473 1041 1560 incipiat,
1053 1489 1163 1557 'neque

134 1601 145 1642 κ
230 1603 329 1658 unum
351 1578 484 1644 inveniri
514 1578 705 1664 exemplum,
726 1602 800 1665 quo,
822 1598 846 1642 ν
867 1578 922 1642 illo
942 1577 1085 1652 absente,
1116 1599 1163 1641 se·

112 1753 115 1759 ,
231 1706 330 1771 quens
360 1705 467 1748 versus
494 1684 595 1748 vocali
622 1684 721 1748 littera
745 1685 886 1768 incipiat,
917 1707 949 1769 p.
971 1681 1035 1748 150
1061 1683 1164 1746 docuit

231 1787 383 1856 Osannus.
436 1788 557 1852 Similia
591 1789 658 1852 lere
685 1790 747 1854 iam
772 1804 841 1854 ante
867 1791 902 1852 in
928 1791 989 1874 Epi
1011 1790 1164 1854 rammatia

122 1887 123 1890 ¹
230 1895 445 1961 observaverat
467 1893 639 1971 Iacobsius,
664 1916 759 1980 quem
784 1917 816 1959 v.
836 1897 870 1958 iu
890 1917 963 1980 prae
996 1912 1015 1960 t.
1036 1894 1075 1958 ad
1097 1894 1165 1957 Au·

230 2001 302 2063 thol.
323 1999 419 2064 Palat.
440 2023 472 2086 p.
491 2002 549 2077 303
571 2003 613 2066 ci.
635 1998 808 2089 Reisigium
828 2001 862 2064 in
895 1987 991 2086 praei.
1012 2000 1051 2066 ad
1072 1995 1165 2064 Com'·

229 2121 337 2170 mentt.
360 2103 448 2170 Critt.
471 2107 512 2170 de
533 2103 616 2171 Oed.
638 2103 707 2170 Col.
735 2129 766 2193 p.
786 2105 849 2184 273
892 2107 1002 2171 Elmsl.
1029 2108 1068 2170 ad
1088 2106 1164 2168 Eur.

230 2210 348 2278 Bacch.
367 2211 444 2285 200.
485 2213 643 2276 Thierscla.
664 2236 711 2299 gr.
738 2236 786 2300 gr.
808 2217 841 2291 '§.
861 2211 941 2289 243,
963 2211 1001 2288 9,
1025 2213 1075 2276 ed.
1096 2227 1164 2276 tert.

229 2315 347 2382 Mcnk.
374 2333 407 2380 et
427 2315 578 2382 thstem.
605 2320 648 2384 ad
668 2319 744 2381 Eur.
774 2317 892 2384 Alcast.
912 2316 988 2383 247.
1008 2387 1013 2396 ¹
1032 2319 1164 2382 Seidler.
1206 2341 1216 2345 ·

229 2425 268 2486 ad
284 2422 534 2500 Eur.El.1053,
557 2440 587 2488 et
610 2426 650 2488 de
671 2447 723 2490 vv.
742 2425 862 2490 dochm.
883 2449 914 2510 p.
927 2423 988 2501 213
1001 2426 1118 2490 Herm.
1126 2427 1165 2490 ad

171 2524 175 2534 “
230 2530 307 2592 Eur.
328 2528 443 2594 Bacch.
469 2527 532 2606 ¹733
553 2529 722 2594 Wellauer.
751 2534 790 2596 ad
811 2531 928 2596 Aesch.
943 2531 1043 2593 Prom.
1055 2531 1119 2595 112
1134 2547 1170 2595 et

151 2642 155 2647 '
228 2633 311 2711 612,
334 2635 372 2698 ad
392 2634 479 2702 Pera.
501 2633 578 2708 768,
599 2636 638 2698 ad
660 2632 885 2720 Choephctt,
907 2640 945 2705 ad
965 2639 1058 2704 Eum.
1083 2634 1163 2707 8943

231 2736 369 2835 Bruuck.
392 2740 432 2806 ad
451 2739 527 2806 Eur.
548 2739 662 2807 Bacch.
685 2740 788 2818 1123,
809 2742 847 2808 ad
869 2744 962 2828 Soph.
986 2742 1039 2806 Αἰ.
1061 2741 1163 2821 1077ς

229 2846 368 2911 Erfurdt.
390 2847 428 2910 ad
449 2847 544 2931 Soph.
566 2846 620 2911 Ai.
644 2844 708 2912 619
730 2863 761 2911 et
780 2848 819 2912 ad
836 2845 946 2935 Autig.
960 2845 1033 2914 849.
1065 2843 1163 2914 Caici.

229 2953 269 3016 ad
290 2951 456 3038 Hephaest.
485 2976 517 3042 p.
538 2952 614 3018 218.
635 2986 677 3000 -
704 2954 910 3019 Schneiderus
931 2955 965 3017 in
985 2955 1164 3020 universum

228 3057 356 3142 quidem
382 3059 452 3125 satia
477 3077 564 3126 recte
591 3063 631 3124 de
658 3081 682 3122 ν
703 3049 878 3146 paragogici
895 3082 951 3124 usu
965 3058 1163 3144 disputavisse

228 3162 307 3224 mihi
331 3163 470 3242 videtur3
511 3167 567 3232 sed
595 3166 676 3253 quod
699 3158 836 3230 Graecos
864 3165 896 3228 id
924 3165 1067 3231 libentius
1088 3167 1162 3229 omi·
1204 3177 1208 3188 “

189 3267 190 3272 ’
229 3267 306 3332 aisse
332 3289 423 3352 quam
449 3274 600 3337 addidisse
627 3287 750 3350 censet,
788 3272 854 3335 eius
879 3272 1045 3336 sententiae
1075 3295 1163 3359 augu-

123 3441 132 3454 ,
229 3385 334 3438 menta
352 3379 503 3445 nonsatis
524 3364 635 3443 idonea
655 3398 723 3444 esse
740 3377 923 3444 iudicamus.
