2720 4650
393 397 613 554 .j--s
663 470 713 486 -

138 646 171 692 τι
191 622 233 692 ἔκ
251 642 367 704 τινος,
388 627 409 690 ἰ.
431 650 460 691 e.
482 625 613 704 habere,
639 629 707 694 sive
726 629 870 714 consequi
891 629 1004 714 aliquid
1021 627 1059 694 ab

137 733 256 817 aliquo,
275 731 416 815 exempla
433 734 581 798 nonnulla
598 727 737 818 proferre
760 734 900 799 debebat.
949 737 1060 820 Neque

137 838 248 912 video,
269 857 325 900 cur
344 836 542 921 improbanda
563 841 601 905 sit
620 839 682 904 loci
704 842 867 912 sententia,
889 862 980 924 quarn
993 841 1059 903 vul·

136 959 204 1028 gata
225 940 359 1026 praebet.
402 939 506 1006 Creon
526 967 569 1021 „u
589 967 639 1007 me
660 947 804 1029 quidem,
823 947 879 1019 ait,
905 969 1061 1029 uunquam

102 1091 109 1112 .
136 1048 210 1112 mali
235 1069 309 1132 prae
337 1045 425 1112 bouis
451 1053 597 1112 honorem
631 1051 875 1135 adipiscentur,“
920 1051 952 1112 id
979 1051 1061 1133 quod

114 1175 116 1178 ·
137 1154 229 1216 etiarn
249 1173 322 1217 curn
343 1152 537 1236 sequentibus
557 1157 672 1238 optime
691 1157 838 1242 quadrare
857 1155 988 1220 videtur.
1009 1152 1062 1219 Cf.

137 1253 284 1322 Meinelr.
307 1258 345 1322 ad
366 1255 534 1324 Menandre
556 1283 588 1345 p.
609 1258 663 1336 45,
685 1277 715 1324 et
737 1261 916 1325 Schneider.
938 1262 976 1324 ad
996 1261 1060 1324 h.l.

138 1361 188 1428 Cf.
216 1363 292 1428 Eur.
319 1362 413 1440 Med.
442 1362 544 1439 1048,
585 1365 649 1430 ubi·
663 1365 777 1454 legitur
802 1364 986 1446 προέσθαι.
1026 1367 1062 1431 8ἰ

139 1471 221 1533 enirn
243 1471 364 1554 spiritus
385 1491 473 1553 asper
493 1469 603 1533 insidet
622 1471 707 1534 alteri
721 1471 867 1560 syllabae,
887 1473 973 1534 utin
994 1493 1062 1533 ver·

135 1575 184 1640 »bis
207 1572 332 1644 ἕξουσι
352 1590 383 1639 et
411 1571 533 1653 totam,
577 1576 675 1640 hiatus
709 1599 747 1639 eo
766 1577 885 1640 facilius
905 1594 1062 1640 excusatus

138 1683 250 1757 fuisse,
274 1703 376 1766 neque
396 1703 531 1766 unquam
551 1683 715 1749 contractio
735 1682 888 1748 vocalium
896 1682 1060 1748 litterarum

138 1787 240 1851 locutu
261 1776 402 1854 habhisse
422 1787 553 1912 videtur.

500 1994 698 2006 ...ιη-ι*

501 2015 699 2030 m

352 2209 435 2280 De
509 2207 848 2281 elisione.

197 2409 201 2420 '
223 2411 432 2497 Praecipuum*
450 2411 546 2474 hiatus
568 2412 739 2476 remedium
760 2411 841 2495 apud
861 2411 980 2475 Atticos
1001 2413 1066 2497 qui·
1127 2494 1130 2502 Ι

138 2518 279 2602 deusest
304 2517 440 2605 vulgaris
463 2517 514 2580 illa
536 2517 748 2600 pronuntiandi
776 2512 864 2592 ratio,
908 2540 966 2602 qua
987 2520 1065 2581 <luae

135 2622 274 2712 syllabae
304 2623 338 2685 in
358 2644 450 2686 unam
478 2622 662 2686 coalescunt.
712 2622 841 2688 Veteres
877 2625 1065 2711 grammatici

135 2750 207 2791 eam
229 2729 384 2792 communi
407 2727 531 2790 nomine
555 2719 785 2812 συναλοιφὴν
805 2743 991 2814 nuncupant,
1013 2750 1066 2790 cu·

135 2834 184 2897 ius
206 2817 279 2897 duo¹
295 2854 408 2919 genera
438 2832 664 2909 discernuntur,
704 2834 792 2898 elisio
821 2855 852 2896 et
881 2836 973 2898 orasis
995 2829 1064 2909 (d.
1181 2853 1183 2858 ·

135 2937 278 3015 θλίψις,
299 2938 447 3019 κρᾶσις).
468 2940 548 3002 Nam
569 2937 641 3001 alii
664 2939 750 3024 legi
771 2937 992 3002 subiecta-suut
1013 2959 1064 2999 vo-

134 3043 263 3118 cabula,
286 3066 364 3127 quac
388 3065 444 3125 per
464 3043 622 3106 elisionem
642 3059 693 3105 aut
714 3063 787 3106 curn
807 3043 1064 3126 praegressis,

134 3166 207 3227 aut,
222 3149 303 3234 quod
324 3151 418 3211 rarius
437 3147 483 3224 llt,
506 3163 536 3211 et
557 3145 767 3238 aButtmauno
788 3168 849 3210 non
870 3148 934 3210 sine
947 3139 1064 3213 idoneis

131 3256 339 3342 argumentis,
384 3269 417 3316 ut
438 3255 525 3317 ‘infra
559 3251 746 3326 videbimus,
780 3231 900 3336 prorsus
922 3267 1066 3338 negatum

130 3362 236 3424 estin
258 3382 303 3445 gr.
337 3383 383 3445 gr.
406 3362 433 3437 §.
455 3359 506 3422 30.
537 3372 598 3420 not.
630 3357 668 3432 b,
705 3378 777 3421 curn
806 3356 1065 3443 sequentibus

130 3467 336 3540 vinciuntur,
371 3486 498 3550 quarum
520 3463 644 3527 alteram
665 3464 810 3526 rationem
832 3463 1066 3545 postelisionern,

126 3569 321 3644 &istrum
330 3615 342 3646 ,
364 3570 488 3634 alteram
509 3567 763 3654 prodelisioneru,
784 3557 995 3649 πρὸἃλιψτν,
1015 3589 1065 3650 ps·

123 3699 209 3742 rum
229 3676 475 3754 accommodate,
494 3689 584 3740 vocat
604 3673 827 3747 Schneiderus,
857 3673 893 3736 al
905 3673 950 3744 ii,
981 3671 1065 3754 quid-

122 3781 255 3868 quide
276 3759 392 3846 duabus
428 3781 482 3846 rel
502 3778 597 3844 tribus
626 3772 752 3867 syllabis
776 3797 851 3841 rere
871 3775 1014 3840 coalescit
1034 3777 1066 3836 in

119 3909 255 3965 unam
297 3885 379 3970 quod
407 3885 568 3953 commode
596 3885 712 3950 monuit
741 3880 868 3947 Wolfius
894 3882 925 3942 in
962 3880 1058 3950 Anall
1099 3883 1101 3888 ’

851 3981 905 4049 2„
