2720 4650
497 485 546 503 ...
599 453 747 526 11...-

162 643 324 708 dnnarnodo
356 647 479 708 omniuo
517 667 593 730 opus
630 660 708 710 esset
736 644 957 709 emendatione.
1000 647 1081 710 Nam

160 765 368 833 persuaserunt
395 749 470 814 milri
501 746 674 814 Lobeoltius
707 749 745 814 ad
777 752 870 833 Soph.
900 751 953 813 Αἰ.
980 750 1077 824 1109.

160 855 315 920 Seidlerus
338 855 377 918 ad
406 855 481 919 Eur.
509 853 624 920 Electr.
651 855 735 922 1053
763 873 793 920 et
813 859 845 919 in
866 855 943 918 libro
965 858 1005 920 de
1025 877 1077 920 vv.

158 961 278 1026 dochm.
299 984 330 1050 p.
356 959 417 1036 21,
452 961 644 1026 Wellnuerus
671 961 710 1026 ad
737 963 853 1026 Aesch.
881 961 983 1026 Ptom.
1002 961 1078 1039 612,

160 1060 334 1130 Dindorfius
352 1068 390 1130 ad
410 1066 505 1132 Arist.
525 1065 743 1142 tharn.545,
763 1065 1081 1153 Porsonemregulenr
1158 1144 1161 1156 Δ

159 1193 242 1234 suem
260 1173 298 1234 sd
319 1172 393 1236 Eur.
415 1171 539 1237 Heoub.
560 1172 613 1246 64,
634 1174 675 1236 de
696 1171 783 1238 brevi
805 1174 901 1238 littera
915 1172 1014 1238 vocali
1026 1197 1077 1238 en·

158 1292 187 1338 te
210 1292 323 1340 mutarn
346 1299 417 1342 oum
437 1279 550 1364 liquide
582 1275 723 1342 vocabuli
765 1279 973 1364 subsequentis
1014 1301 1076 1343 non

158 1383 367 1466 producenda,
388 1387 479 1452 nimis
501 1385 680 1450 extendisse.
707 1379 778 1470 Qua
800 1407 838 1448 ex
858 1385 1076 1470 regulaquam·

157 1489 201 1552 lis
214 1491 340 1574 egregie
353 1489 571 1560 Erfurdtiusad
582 1490 635 1554 Αἰ.
649 1488 671 1553 l.
687 1488 708 1553 l.
720 1489 813 1553 multa
825 1488 892 1553 loce
902 1493 1074 1567 correxerit.

157 1609 256 1660 temen
270 1598 407 1660 eiusdem
418 1597 540 1682 generis
555 1596 705 1683 aliquanto
725 1595 811 1681 plura
826 1596 986 1660 emendato
998 1597 1075 1660 diffr-

158 1701 260 1764 oilioro
272 1701 441 1785 supersunt.
464 1701 592 1766 Videtur
602 1703 699 1786 potius
711 1701 775 1768 talis
794 1702 915 1764 licentia
926 1702 957 1764 in
970 1725 1074 1765 earum

157 1828 316 1870 numerum
329 1808 489 1872 referenda
502 1829 580 1881 esse,
597 1824 676 1895 quse
687 1808 725 1872 ab
739 1809 837 1898 epicis
851 1809 958 1898 poetis,
973 1811 1075 1872 utalia

156 1910 259 1986 multa,
270 1913 306 1974 ad
322 1913 449 1998 tragicos
462 1914 638 1978 transierint.
658 1913 721 1978 Sed
728 1913 768 1978 de
778 1915 825 1992 his
840 1913 973 1977 aliolooo
983 1914 1075 1996 pluri·

155 2017 209 2080 bus
234 2018 445 2082 disserendum
472 2021 538 2082 erit.
581 2019 650 2084 Hoo
677 2034 791 2093 tanturn
825 2041 951 2084 monete
981 2020 1076 2092 volui.

154 2138 275 2206 propter
297 2138 425 2196 metrum
446 2123 587 2187 Elmsleii
611 2126 852 2190 emendationem
874 2127 1075 2188 neeessariam

154 2230 228 2292 mihi
256 2251 316 2290 non
345 2231 453 2291 videri.
496 2228 538 2290 At
561 2250 634 2292 veto
664 2229 839 2294 offendebat
865 2231 937 2292 oliru
966 2231 1076 2312 plurali

153 2355 280 2396 nurnero
306 2329 493 2411 κλέψειαν,
529 2355 623 2418 quum
647 2337 693 2397 in
708 2331 802 2400 tribus
827 2329 1076 2408 ariteoedentibus

152 2439 289 2505 versibus
309 2457 397 2525 poete
418 2438 562 2528 singulari
584 2459 655 2516 usus
674 2441 720 2516 sit,
742 2461 835 2526 quern
852 2456 971 2529 praeter
985 2463 1076 2524 supra

151 2562 331 2610 memoratos
351 2548 482 2610 editores
507 2543 715 2610 Blontfteldius
737 2547 826 2610 etiarn
849 2562 878 2607 et
898 2547 1023 2608 Vossius
1042 2548 1075 2608 in

151 2651 326 2738 germanica
354 2652 509 2742 Aeschyli
531 2653 673 2716 versione
691 2652 924 2736 praeferendum
947 2673 1079 2714 censue-1
1158 2667 1162 2672 ·

142 2771 230 2820 nunt.
260 2755 323 2820 Sed
344 2779 439 2846 quum
459 2777 490 2819 v.
512 2753 577 2822 835
597 2759 705 2822 oliorus
725 2747 919 2820 πυνθάνου
940 2751 979 2818 δὲ
999 2757 1074 2821 τῶν

152 2852 271 2928 Ξένων
291 2857 360 2926 ἔσω
380 2851 599 2942 παρελθών·
625 2863 754 2936 dixerit,
775 2863 835 2928 iam
862 2857 901 2926 ad
923 2863 1074 2946 pluralem

150 2983 315 3031 numerum
353 2970 445 3030 oratio
486 2968 647 3033 commode
686 2967 788 3034 redire
821 2990 910 3054 posse
944 2969 1074 3030 videtur.

151 3072 295 3142 Accedit,
317 3075 399 3160 quod
419 3073 569 3160 aliquanto
590 3076 687 3162 aptius
715 3074 813 3137 videri
834 3071 942 3142 debet,
964 3073 989 3136 si
1010 3071 1073 3136 Ae·

148 3179 265 3264 gisthus
295 3177 407 3242 itandis
428 3178 634 3272 suspicionem
661 3201 723 3242 non
740 3180 779 3242 'io
798 3201 894 3242 unum
914 3177 1073 3263 hospitem,

148 3305 259 3348 verum
282 3286 371 3346 etiam
391 3284 423 3356 in
439 3285 509 3367 'eius
527 3285 670 3350 comitem
691 3283 804 3352 motet.
847 3280 969 3348 Mirum
990 3287 1074 3371 enim

149 3391 239 3462 ioret,
264 3391 289 3452 si
312 3410 396 3454 nuno
429 3404 556 3474 repente
588 3391 628 3454 ita
663 3391 848 3480 loqueretur,
881 3391 966 3476 quasi
996 3413 1073 3454 nnus

147 3508 264 3557 tantum
285 3498 394 3577 hospes
421 3497 562 3559 nuntium
586 3495 675 3560 illum
701 3495 854 3564 attulisset.
898 3525 938 3544 -
980 3490 1074 3582 Quod

146 3619 226 3666 voro
255 3597 292 3662 ed
313 3597 483 3666 Hermanni
503 3600 641 3690 regulam
663 3604 781 3677 attinet,
808 3623 899 3688 quam
920 3601 1074 3685 proposuit

147 3705 189 3769 ad
208 3705 302 3788 Soph.
327 3705 380 3768 Αἰ.
402 3702 479 3770 904:
501 3710 687 3787 „optativum
708 3709 826 3785 norisii,
849 3707 901 3770 ubi
922 3703 1073 3789 praeteriti

146 3808 329 3894 significatio
348 3812 431 3887 insit„
445 3812 511 3875 sine
532 3801 581 3876 dv
596 3817 685 3898 poni,
707 3803 785 3878 oum*
799 3837 836 3880 ee
856 3810 1003 3900 porticula
1024 3834 1075 3874 eu·

146 3907 222 3989 tens,
250 3911 304 3976 ubi
331 3917 464 3979 futurum
492 3915 725 4007 intelligelnr‚“
759 3923 792 3984 id
826 3918 906 4003 quod
934 3919 965 3979 in
994 3922 1024 3980 lr.
1052 3919 1098 4008 l'st
