2726 4652
430 513 433 522 .
499 493 549 508 -
598 405 771 534 nr·-

172 649 434 731 not.17,Henn.
460 650 500 714 de
521 650 643 714 emend.
666 663 719 712 rat.
741 667 787 731 gr.
813 663 860 732 gr.
882 666 912 729 p.
933 642 977 708 78
998 665 1043 730 sq.
1066 662 1109 746 et·

171 760 210 823 sd
228 747 304 822 Eur.
317 753 440 820 Hecub.
456 753 530 829 109,
552 753 690 820 Fischer.
707 753 745 816 sd
762 752 892 816 Weller.
907 747 951 825 11,
973 773 1004 835 p.
1017 749 1095 828 207,
1128 765 1132 772 '

170 859 372 930 Valckenaer.
391 858 525 934 Brunck.
546 877 577 923 et
596 857 708 923 Matth.
730 859 768 921 ud
789 857 863 919 Eur.
885 855 1001 920 Phoen.
1018 857 1097 936 777,

129 991 133 1020 -·
170 967 344 1032 Hemsterlu
372 967 411 1030 ad
437 965 532 1031 Arist.
564 967 643 1030 Plut.
672 962 755 1038 286,
785 964 942 1028 Tiriersch.
973 987 1019 1051 gr.
1047 987 1095 1052 gr.

113 1134 118 1144 .
172 1078 198 1154 §.
215 1071 297 1148 243,
318 1070 376 1148 353
406 1065 519 1136 Goettl.
545 1073 585 1136 de
606 1085 722 1136 ecceut.
742 1089 774 1153 p.
795 1065 870 1144 101,
890 1087 971 1156 pot,
993 1071 1095 1136 Schol.
1174 1129 1178 1138 ,

171 1187 281 1250 Venet.
295 1179 333 1243 ad
346 1177 438 1245 Hom.
459 1174 644 1253 11.a,147,
666 1173 846 1240 schneider.
867 1175 889 1240 l.
910 1176 933 1240 l.
954 1199 986 1262 ρ,
1000 1177 1053 1257 11.

260 1482 322 1546 sea
349 1461 607 1570 nassamones.
657 1477 751 1566 Quos
776 1487 853 1544 veo
877 1480 918 1544 ae
947 1480 1033 1547 Aeso
1076 1484 1099 1548 n

99 1607 101 1614 ¹
172 1587 303 1652 dialecto
324 1589 485 1654 verissime
512 1587 586 1650 dixit
606 1583 817 1650 Blomfieldius
838 1584 875 1650 ad
897 1585 999 1652 Prom.
1020 1585 1063 1654 36
1091 1613 1099 1630 ·

91 1679 95 1688 ’
173 1715 295 1778 „neque
327 1696 465 1778 proiecto
497 1692 676 1757 coarctanda
702 1706 748 1760 est
774 1691 924 1781 Aeschyli
951 1694 1100 1761 dialectos

172 1796 254 1862 intra·
281 1802 442 1864 severioris
466 1800 621 1863 Atticismi
655 1798 767 1862 limites
775 1802 808 1876 ,⁶⁸
849 1799 882 1862 id
910 1789 972 1866 non
999 1802 1100 1864 miuus

171 1919 257 1965 recte
278 1904 317 1965 de
334 1907 430 1988 poetis
449 1906 570 1989 tragicis
591 1907 624 1966 in
641 1904 819 1988 universum
834 1902 896 1965 dici
911 1925 1009 1986 posse,
1031 1907 1101 1970 satis

118 2089 123 2096 ι
171 2004 404 2090 demonstravit,
432 2009 464 2068 ni
484 2007 591 2082 fallor,
612 2008 702 2090 copia
722 2008 887 2069 formarum
909 2022 969 2070 tam
988 1997 1114 2073 ionica·'

171 2091 242 2194 rum
271 2124 302 2172 et
333 2110 523 2187 doricarum,
553 2133 644 2196 quam
664 2111 889 2185 communium,
915 2135 988 2197 quas
1011 2116 1127 2178 modo'

172 2215 421 2280 examinavimus.
465 2213 538 2302 Quo
565 2216 665 2278 minus
687 2215 744 2304 alia
773 2215 939 2292 nonnulle,
970 2241 1047 2303 quae
1069 2221 1102 2282 in

172 2322 365 2400 Adversariis
383 2323 461 2386 meis
479 2321 608 2386 collecta
622 2335 707 2394 suut,
728 2321 761 2383 in
781 2321 918 2386 medium
938 2327 1101 2407 proferam,
1180 2402 1184 2410 .

97 2436 99 2440 '
172 2447 255 2502 nunc
277 2427 401 2512 quidem
417 2428 544 2512 impedit
567 2428 733 2490 editionum
748 2425 921 2513 multarum,
941 2427 1103 2493 librorum-

151 2601 155 2609 ,
172 2555 234 2620 que
248 2535 514 2619 grammaticorum
529 2533 667 2616 penuria,
692 2530 842 2617 qoioiim,
863 2555 957 2618 quum
967 2535 1102 2620 quinque

172 2637 287 2705 abhinc.
304 2640 390 2703 annis
412 2635 542 2717 Dorpati
561 2636 667 2702 studiis
687 2657 818 2729 operam¹
834 2637 950 2713 darem,
970 2636 1103 2724 benigna

172 2758 403 2829 praeceptorum
445 2744 629 2828 optimorum
671 2741 851 2822 iiberalitate
878 2743 925 2818 ¹iu
961 2762 1102 2830 promptu

174 2865 277 2924 erent,
308 2865 391 2913 certe
422 2848 572 2932 aliquanto
603 2847 754 2911 faciliores
789 2863 983 2931 comparatu,
1013 2873 1104 2935 quam

174 2955 225 3018 hic
252 2957 286 3018 in
308 2937 448 3017 extremo⁸
472 2953 539 3014 iere
561 2967 658 3014 terrae
687 2952 787 3015 cultae
812 2953 935 3038 angulo.
980 2953 1103 3042 ,Itaque

87 3127 89 3132 ,
172 3060 287 3124 factum
309 3074 370 3135 est,
390 3074 422 3120 nt
445 3057 611 3142 permulta,
633 3078 712 3139 quae
732 3059 900 3123 accuratius
921 3075 1104 3142 pertractare

20 3157 21 3168 ’
172 3155 206 3226 in
234 3166 371 3229 animum
398 3164 594 3236 induxeram,
622 3161 674 3226 rix
694 3158 811 3226 duobus
834 3161 937 3230 verbis
957 3168 1104 3254 attingere

175 3255 337 3350 potuerim.
387 3269 570 3356 Siquando
594 3266 670 3330 elius
691 3267 814 3331 fortasse
842 3270 991 3354 quispiam
1012 3289 1105 3340 totam

150 3375 252 3436 'huuc
289 3376 329 3446 de
366 3376 495 3440 dialecto
511 3373 705 3458 tragicorum
733 3393 914 3458 graecorum
936 3377 1105 3444 doctrinam
1130 3371 1134 3377 ¹

174 3477 328 3561 copiosius
346 3497 436 3568 atque
454 3481 561 3544 latiore
582 3474 695 3578 ambitu
715 3483 938 3558 retractaverit,
959 3485 1104 3571 idemque
1125 3527 1136 3568 ·,
1199 3526 1202 3531 -

173 3577 214 3646 ite
236 3585 337 3660 meam
355 3587 480 3672 quidem
505 3589 584 3654 hauc
602 3583 763 3649 collectam
784 3587 941 3650 materiem
963 3589 1105 3656 minutas·

173 3709 236 3773 que
271 3691 424 3780 symbolas
459 3705 632 3774 espematus
666 3691 775 3765 fuerit,
789 3685 793 3694 ’
807 3712 867 3777 ego
900 3715 953 3754 me
984 3694 1018 3757 in
1044 3698 1104 3761 hoc

174 3792 281 3858 libello
309 3784 433 3880 operam
454 3817 516 3860 uon
537 3795 704 3880 perdidisse
726 3812 831 3884 potero
852 3796 998 3863 arbitrari.
1073 3879 1079 3892 ἱ

493 3979 782 4008 *-

866 4048 909 4117 ta
