2726 4652
518 395 666 518 ..ω
722 387 772 489 ..·

181 657 340 720 rumque
367 635 684 708 cohaerentium,
712 630 876 697 coalitio
906 634 1011 709 talia,
1034 656 1106 719 qua

131 789 134 794 -
161 741 360 829 ‘syllabae
382 741 551 814 coalitae
573 742 610 806 iu
628 745 764 812 novam
783 755 895 823 atque
912 723 1107 806 diversam

181 864 358 910 naturam
389 861 615 925 transeant,
646 866 692 910 ac
718 847 750 910 si
778 842 922 908 breves
949 847 1109 908 fuerant

181 952 381 1042 syllabae,
415 955 485 1017 iam
516 955 555 1016 in
591 973 718 1036 unam,
761 935 924 1034 eamdue
955 973 1108 1035 semper

181 1061 413 1146 productam
434 1063 596 1133 coeant,
617 1059 673 1149 *ita
694 1073 839 1133 tamen,
863 1072 920 1130 ιιι,
941 1058 1037 1142 quod
1064 1057 1107 1119 ad

182 1180 369 1228 accentus
399 1165 588 1228 rationem
616 1165 774 1241 attinet,
810 1165 887 1227 duo
915 1160 1108 1226 vocabula
1185 1145 1196 1256 ζ

182 1265 326 1334 coalita
346 1293 508 1354 prouno
531 1269 754 1372 habeantur.
798 1267 869 1354 Qua
891 1266 1013 1351 probata
1035 1266 1109 1330 defi-

182 1377 298 1440 nitione
320 1379 351 1441 in
373 1375 501 1460 singulis
522 1377 670 1448 cresium,
700 1385 773 1438 vere
794 1377 838 1439 sio
859 1377 1006 1438 dictarum
1018 1417 1028 1447 ,
1049 1375 1108 1435 ior·

182 1483 239 1544 mis
267 1480 445 1545 scribendis*
466 1479 589 1542 &mum
619 1478 764 1544 habemus
791 1501 828 1545 ac
863 1479 969 1544 stabile
1003 1479 1109 1542 lunda·

182 1601 329 1664 mentum,
349 1602 438 1671 atque
448 1564 601 1648 scribendi
623 1587 696 1648 ratio
719 1583 757 1649 ab
778 1585 938 1650 arbitrariis
959 1587 1109 1648 editorum

184 1709 213 1754 et
241 1693 507 1778 grammaticorum
530 1692 704 1756 nostratium
735 1691 947 1757 mutationibus
972 1713 1110 1777 vagaque

108 1831 110 1834 ·
183 1797 306 1862 licentia
333 1797 523 1872 vindicatur,
555 1819 646 1882 quam
676 1820 736 1883 quo
765 1797 975 1905 diligentius'
966 1822 999 1860 ιιι
1030 1802 1109 1862 hauc

182 1905 340 1968 materiem
377 1895 591 1986 inquisitoris,
630 1925 668 1966 eo
709 1907 876 1968 accuratius
917 1904 1108 1990 cognoveris.

143 2015 145 2021 '
182 2007 301 2073 Miram
330 2007 398 2070 libri
429 2010 639 2091 grammatici,
665 2008 774 2093 quibus
802 2010 892 2072 hodie
920 2013 1048 2083 utimur,
1076 2011 1109 2072 in

183 2113 340 2178 exarandis
375 2112 435 2176 illis
469 2109 575 2178 formis
609 2113 756 2205 praebent
784 2117 1007 2190 diversitatem
1033 2116 1120 2199 mira&
1171 2137 1175 2147 ’
1209 2173 1213 2190 ,

185 2221 274 2284 etiam
296 2232 340 2281 est
360 2216 493 2291 licentia,
514 2240 573 2301 qua
594 2220 672 2281 inter
692 2241 726 2285 se
747 2222 980 2320 confunduntur.
1019 2215 1110 2283 Cete-

117 2383 142 2412 s
183 2347 252 2388 rum
278 2323 444 2385 definitioni
470 2318 541 2386 illi
539 2345 631 2408 quae
663 2347 834 2411 repugnare
865 2327 963 2388 rideri
994 2327 1110 2430 possint

184 2413 342 2513 exempla,
364 2444 396 2492 ut
417 2419 603 2510 ἡυγένεια,
624 2423 872 2510 τούλυμπίου,
904 2433 1031 2505 similia,
1057 2433 1109 2506 (in
1135 2447 1166 2498 ἃ

136 2533 137 2536 ’
185 2537 221 2599 iis
245 2537 329 2600 enim
353 2535 446 2598 altera
473 2533 625 2624 syllaba
617 2559 677 2598 tam
706 2551 774 2600 ante
804 2540 902 2601 crasin
927 2555 1031 2604 natura
1057 2561 1110 2622 sua

184 2641 274 2725 longa
302 2655 382 2732 erat,
407 2663 509 2724 neque
537 2643 614 2706 crasi
640 2642 770 2706 adhibita
798 2644 861 2705 ullo
886 2646 976 2706 modo
997 2646 1111 2718 ,mutari

185 2749 334 2828 poteratl
360 2747 472 2809 rectius
504 2763 565 2810 tam
598 2763 722 2832 propter
747 2749 915 2834 analogiam
942 2764 1111 2814 ceterarum
1172 2816 1174 2827 ‚

185 2853 314 2913 crasium
346 2850 482 2924 articuli,
516 2873 608 2935 quam
636 2869 759 2937 propter
785 2856 1019 2938 prodelisionenr
1064 2847 1109 2936 (ἤ

184 2949 352 3038 ὐγένειιιι
375 2954 442 3016 τοῦ
464 2951 914 3038 'lvpnlcv)inoertis'sin1am,
937 2976 966 3022 et
988 2983 1004 3022 a
1029 2957 1111 3022 Bott-

186 3083 315 3137 manno,
333 3075 379 3122 ‘ut
407 3085 497 3146 supra
518 3065 666 3154 vidimus,
697 3085 758 3133 non
785 3065 851 3126 sine
878 3087 967 3128 causa
992 3088 1112 3147 prorsus

186 3169 346 3250 reiectam,
374 3168 407 3229 in
428 3171 558 3233 cratium
583 3191 745 3230 numerum
771 3171 946 3245 referenda,
972 3185 1037 3248 aut,
1066 3171 1113 3232 sin

143 3328 145 3332 ,
186 3271 462 3354 codicesplutimos
475 3295 560 3358 sequi
552 3272 761 3356 'probabilius
780 3255 942 3352 videbitur,
963 3299 1020 3368 per
1033 3279 1112 3366 syni-

186 3380 267 3440 zesin
288 3377 448 3440 scribenda
469 3394 547 3442 sunt.
591 3379 701 3462 Neque
727 3381 789 3442 id
781 3369 972 3466 ignorambs,
991 3398 1112 3446 veteres

186 3485 397 3569 grammaticos
431 3483 518 3545 latius
546 3485 716 3560 extendisse
750 3489 842 3550 crosis
873 3489 965 3566 lines,
996 3503 1028 3548 ut
1060 3488 1112 3569 qui
1129 3475 1147 3486 ”

187 3589 279 3652 etiam
296 3589 531 3651 contractionem
545 3608 682 3662 casuum,
701 3605 735 3652 ut
750 3590 882 3674 τείχεα,
902 3591 1018 3672 τείχη,
1039 3589 1112 3668 σέο,

187 3690 263 3770 σεῦ,
284 3690 365 3771 σοῦ,
385 3691 576 3774 βελτίονα,
590 3692 737 3776 βελτίω,
748 3697 944 3762 ,ἱΙΙοιιοιιιὶιιε
957 3699 1113 3760 communi
1201 3711 1205 3722 '

188 3799 483 3882 comprehenderint.
547 3801 630 3862 Nihil
674 3817 776 3867 tamen
791 3818 798 3828 ‘
815 3804 939 3871 omnino
981 3802 1112 3866 utilitatis

187 3902 299 3970 exinde
325 3904 693 3985 redundat'diacentibus,
722 3909 777 3972 sed
797 3929 846 3973 res
871 3909 941 3973 ideo
960 3907 1114 3993 difficilior
1171 3906 1173 3914 ’
