2726 4652
580 363 936 512 ..„.·.„

243 618 286 684 ib.
308 616 410 696 11983
431 609 626 702 ἄνθρακες,
643 619 777 685 Acbam.
798 621 873 702 348,
890 622 944 688 ubi
963 638 1025 689 tam
1041 625 1168 715 'propter

242 749 367 790 sensum
392 741 423 789 et
443 727 575 814 linguae
587 749 693 805 usum,
717 750 810 814 quam
829 746 952 815 propter
972 732 1062 796 metti
1081 734 1168 797 ratio·

173 865 178 876 ι
241 853 314 896 nem
335 833 477 896 articulus
498 834 605 898 deesse
626 831 727 896 debet.
749 836 843 912 „Neo
862 837 971 902 desunt
991 838 1167 920 exempla,“
1242 861 1247 874 ¹

241 939 342 1024 pergit
354 929 560 1022 Schneiderus
579 963 610 1024 p.
625 937 679 1014 48,
697 939 813 1023 „ipsius
835 943 920 1006 vocis
937 930 1039 1023 ἀνήρ
1050 943 1083 1004 in
1090 941 1166 1004 obli·

241 1045 308 1128 qols
329 1043 446 1109 casibus
462 1046 529 1108 sine
550 1045 677 1112 articulo
691 1048 838 1130 positae.“
880 1047 918 1110 V.
943 1049 1037 1134 soph,
1057 1051 1171 1112 Trach..
1259 1079 1262 1090 ,
1357 1061 1359 1076 .

240 1149 293 1224 rs,
317 1149 389 1226 108,
412 1149 485 1214 150.
529 1151 594 1214 ser
622 1173 716 1236 quum
737 1153 769 1214 in
788 1149 882 1217 tribus
901 1154 948 1220 his
968 1155 1044 1230 1001,
1064 1139 1166 1235 ἃνήρ

239 1257 419 1318 maritum
454 1256 623 1342 significet,
666 1258 793 1322 articulo
833 1279 940 1323 carere
979 1275 1092 1344 potest3
1131 1281 1165 1322 v.
1207 1269 1235 1288 ¹·

238 1361 347 1426 Herm.
374 1362 413 1425 ad
437 1361 530 1447 Soph.
552 1361 631 1426 Phil.
652 1361 706 1428 40.
748 1362 860 1450 Aequo
887 1366 955 1428 iure
980 1363 1174 1429 vccabulum¹

239 1459 338 1550 ἀνήρ
359 1469 440 1552 apud
452 1468 545 1552 Soph.
565 1468 619 1532 Αἱ.
631 1465 685 1547 59,
704 1469 779 1546 221,
800 1469 897 1548 1135,
918 1493 1013 1556 quum
1034 1472 1166 1557 positum

238 1577 276 1639 sit
302 1597 359 1663 pro
387 1575 528 1661 simplice
551 1570 704 1652 ἐκεῖνος,
724 1591 758 1640 ut
777 1577 870 1640 latina
891 1575 1010 1652 homo,
1037 1577 1164 1640 articulo

238 1681 412 1745 destitutum
434 1694 506 1754 est,
538 1695 629 1766 arque
657 1671 850 1762 ἅνθρωπος
870 1697 902 1745 et
919 1671 1028 1766 γυνή.
1070 1683 1164 1746 Adde

238 1788 333 1874 Soph.
360 1787 439 1873 Phit.
467 1783 562 1850 1225.
612 1784 656 1849 At
681 1809 743 1850 non
769 1788 835 1852 sine
860 1808 965 1852 caussa
994 1789 1103 1852 idonea
1129 1791 1163 1851 in

119 1967 122 1974 y
237 1873 320 1958 Oed.
347 1889 415 1956 Col.
444 1890 508 1966 32,
535 1883 588 1960 ais
612 1883 725 1974 “άνὴρ
754 1885 815 1956 ὅδε
839 1894 996 1977 scripsisse·
1021 1895 1163 1958 videntur

235 1999 445 2075 Hermanuus,
481 1999 664 2077 Elmsleius,
697 1991 895 2074 Schaeferus,
923 1997 1101 2064 Dindorfius
1131 2017 1163 2064 ct

234 2103 421 2171 Matthiaeus
454 2107 487 2186 iu
513 2106 564 2170 ed.
594 2095 750 2190 Weigel„
782 2128 888 2190 quem'
905 2108 947 2168 cf.
979 2106 1012 2167 in
1039 2129 1085 2192 gr.
1114 2129 1161 2192 gr.

234 2216 261 2290 §.
274 2210 351 2286 264,
370 2227 442 2286 ιιοῑ.Ι
455 2234 491 2289 e,
509 2199 612 2298 neque
635 2212 705 2276 satis
722 2226 862 2274 accurate
879 2187 1036 2297 lleisigius
1056 2212 1161 2298 vulga·

218 2320 296 2384 'tam
316 2309 417 2400 ἆνὴρ
439 2309 520 2396 ὅδε,
548 2333 582 2380 ut
602 2318 640 2383 sit
660 2336 798 2382 eccum
818 2319 960 2400 ipsum,
993 2318 1162 2380 defendere

4 2423 5 2434 ¹
120 2413 121 2418 ἵ
233 2424 551 2501 conaturHcindorfii,
573 2429 679 2508 (quem
700 2447 731 2488 v.
752 2425 791 2486 ad
807 2423 884 2486 Plat.
904 2421 1019 2486 Phaed.
1042 2425 1068 2501 ᾗ.
1084 2424 1160 2497 108)

232 2531 323 2595 nixus
350 2531 534 2595 auctoritate.
575 2523 638 2593 Hic
666 2552 741 2594 vero
767 2530 828 2593 duo
859 2529 1000 2612 exempla
1020 2528 1160 2593 diversae

232 2657 356 2726 prorsus
385 2651 509 2699 naturae
539 2634 652 2708 attulit,
680 2636 774 2698 Arist.
803 2635 883 2720 Plus,
911 2633 995 2708 653,
1023 2633 1158 2700 Acharn.

232 2740 316 2818 428„
351 2739 477 2825 Optimo
503 2740 570 2801 iure
600 2741 716 2824 primus
742 2740 834 2802 Porso
861 2739 1021 2803 articulum
1045 2741 1160 2806 addidit

126 2839 128 2844 ¹
232 2851 308 2931 Eur.
327 2848 444 2912 Phoen.
457 2845 544 2910 1670
564 2835 703 2930 ἄταφος
717 2839 769 2909 ὅδ’
783 2835 906 2929 ιἁνήρ,
928 2869 1021 2930 quem
1039 2849 1157 2930 sequuti

168 2979 170 2986 ’
232 2971 301 3020 sunt
327 2953 514 3018 Matthiaeus
543 2969 574 3016 et
603 2951 742 3016 Bauius:
794 2951 843 3016 Cf.
873 2937 954 3018 Oed.
984 2949 1064 3016 Col„
1081 2949 1156 3026 636,
1196 3025 1199 3031 Ι

231 3067 342 3126 Trach.
365 3059 449 3134 391,
480 3060 533 3124 ubi
558 3082 641 3123 nunc
669 3075 752 3122 recte
780 3058 891 3144 legitur
915 3047 1046 3140 Ἑνήρ,
1074 3061 1157 3144 quod

231 3173 290 3232 hoc
311 3166 494 3232 vccabulum
516 3168 596 3251 apud
617 3166 745 3252 tragicos
767 3168 888 3249 quidem
914 3187 1068 3250 nunquam
1088 3166 1155 3227 fere

64 3265 68 3273 ¹
137 3351 139 3359 Ι
230 3276 363 3360 primam
384 3271 547 3362 producit,
576 3273 634 3334 nisi
656 3274 689 3332 in
709 3274 844 3356 genitivo
865 3261 1011 3350 ἅνερος,
1042 3271 1155 3357 quoin

229 3377 379 3452 iambicis,
401 3379 560 3442 trochaicis
580 3393 611 3438 et
627 3380 823 3460 anapaesticis
842 3376 978 3443 versibus
999 3400 1155 3462 nunquam

229 3499 363 3548 utuntur.
415 3480 461 3544 At
488 3493 569 3571 vero'
596 3485 627 3546 in
659 3484 831 3546 nuntiorum
859 3482 1076 3546 narrationibus
1103 3487 1152 3557 (v.

229 3586 330 3666 Beldr.
351 3586 475 3677 Anecd.
497 3589 529 3663 1,
550 3612 581 3674 p.
601 3588 657 3666 26)
680 3571 798 3674 epicam
822 3589 961 3654 vocabuli
983 3589 1153 3672 prosodiam

228 3693 287 3758 sibi
318 3692 444 3758 indulsit
468 3695 661 3784 Aeschylus,
710 3699 898 3780 primamque
923 3695 1078 3778 producit3
1099 3691 1101 3696 ’
1119 3715 1151 3756 v.

228 3801 315 3884 Sept.
336 3821 365 3864 o.
390 3800 487 3866 Theb.
505 3788 580 3878 491,
600 3817 631 3864 et
652 3801 837 3875 Wellauar.;
862 3803 904 3863 ol.
924 3801 1056 3862 Eumeu.
1076 3796 1152 3870 727,

228 3903 303 3974 547.
346 3907 410 3974 sed
441 3909 474 3972 lu
499 3907 619 3974 melicis
643 3907 772 3994 primam
800 3908 947 3995 syllabam
968 3907 1035 3970 sine
1059 3903 1151 3969 dubio
