2726 4652
562 485 865 593 .-'ro-

276 698 324 772 ἄν
347 723 386 794 ει,
399 705 440 770 αἳ
460 698 527 786 ἄν,
549 724 581 772 ut
599 709 693 793 Soph.
712 705 794 772 Oed.
815 707 891 796 Tyr.
911 701 1015 784 1231,
1033 705 1087 770 ubi
1107 706 1202 789 pluri·

229 800 232 806 ’
273 815 317 878 mi
338 813 460 878 codices
480 811 626 898 praebent
641 813 683 876 αἳ
697 803 750 890 ”sq
769 809 879 875 Elmsl.
901 814 1011 878 omisso
1026 802 1080 874 ’ἅν
1101 814 1202 874 minus

273 918 355 982 beno
382 920 476 982 edidit
496 915 577 988 αἵ.Δ
602 919 642 982 V.
661 917 775 982 Mutth.
796 914 912 982 Morik.
938 934 970 982 et
992 919 1141 982 Witstom.
1162 919 1202 980 ad

271 1024 347 1086 Eur.
368 1023 487 1090 Alcest.
509 1022 582 1088 198.
627 1025 738 1091 Elmsl.
766 1023 805 1089 od
832 1023 929 1089 Arist.
952 1023 1088 1090 Aetam.
1117 1021 1201 1101 3233

271 1126 429 1192 thiersch.
458 1153 505 1215 gr.
536 1151 583 1216 gr.
612 1133 638 1208 §.
665 1127 740 1208 243,
770 1128 814 1193 17
839 1151 913 1194 cum
939 1146 1018 1208 not.;
1030 1127 1201 1194 Martiu.

271 1237 311 1299 ad
332 1236 425 1319 Soph.
445 1236 560 1300 Electr.
582 1233 657 1301 943
707 1219 890 1300 Miserrime
914 1259 981 1300 rem
1009 1235 1199 1302 conturbavit

73 1403 77 1412 ,
175 1356 179 1366 ’
272 1341 476 1406 Schneiderus
498 1366 530 1427 p.
521 1341 596 1407 ‚23
638 1342 739 1405 Non
729 1343 838 1404 rniuriu
858 1358 961 1406 tamen
981 1342 1095 1406 dubitat
1114 1342 1199 1406 idem

212 1443 218 1454 ‘
255 1447 310 1534 ⁴de
339 1449 543 1532 prodetisione
569 1437 787 1530 πειράσομαι
806 1436 892 1531 ’γά
928 1450 990 1512 iam
1016 1447 1225 1528 Βιιῑῐιιιειιιιιο1

269 1551 437 1638 improbata
462 1555 514 1618 illu
539 1555 641 1640 ingr.
663 1577 710 1642 gr.
733 1558 759 1632 §.
781 1551 841 1630 29,
868 1568 930 1618 not.
951 1551 993 1628 7,
1020 1577 1112 1640 quam
1130 1569 1198 1638 post

268 1654 448 1742 Dawesiuru
477 1658 590 1743 ubique
617 1661 732 1724 inferre
759 1674 903 1742 coeperat
930 1657 1024 1723 Porso
1057 1661 1096 1723 ud
1120 1659 1196 1723 Eur.

267 1759 361 1825 Med.
378 1751 459 1840 722,
487 1766 540 1850 qui
561 1779 662 1828 tamen
682 1787 790 1850 parum
809 1763 868 1830 sibi
889 1780 1027 1829 constans
1048 1764 1081 1826 in
1101 1763 1196 1828 Arist.

268 1865 349 1930 Rau.
375 1865 441 1932 509
469 1868 605 1933 scribere
631 1871 737 1934 maluit
767 1892 824 1954 per
854 1871 954 1934 cusin
961 1912 972 1944 ,
999 1892 1093 1961 quoru
1121 1870 1197 1936 falso
1286 1953 1289 1960 γ

205 2002 208 2011 s
266 1975 401 2051 vocavit,
423 1973 640 2058 περίοψομαι
662 1965 869 2054 ἀπελθόντ’,
890 1969 1196 2040 resteGaissordioad

264 2077 366 2162 Heph.
392 2079 472 2156 222,
500 2104 594 2167 quum
617 2083 705 2146 metri
733 2085 806 2146 ratio
828 2083 1007 2172 productam
1028 2085 1195 2168 requireret

263 2183 421 2272 syllabam.
455 2186 493 2250 A
509 2189 623 2251 Schaef
608 2190 674 2251 fero
696 2205 726 2250 et
746 2191 780 2252 in
802 2189 851 2252 ed.
873 2187 1008 2274 Weigel.
1020 2175 1193 2267 tre-prisio-

263 2308 329 2368 μαι
350 2281 560 2355 u’nstsbum
589 2295 702 2378 optime
722 2316 779 2377 per
798 2294 952 2384 synizesirr
970 2314 1053 2357 nunc
1078 2295 1193 2370 elitum

262 2410 351 2464 est3
366 2395 541 2462 chMauh
547 2422 610 2486 gr.
631 2423 678 2484 gr.
700 2403 729 2480 §.
750 2397 805 2465 45.
865 2401 976 2484 Neque
1006 2400 1090 2461 euim
1118 2403 1148 2461 h.
1169 2400 1191 2461 l.

261 2499 302 2562 de
324 2501 451 2565 elisione
473 2526 574 2568 sermo
595 2528 663 2569 esse
679 2520 787 2586 potest,
806 2527 908 2590 neque
928 2507 997 2568 satis
1016 2520 1099 2568 recte
1120 2506 1192 2568 scri-

260 2603 341 2668 bitur
370 2593 586 2690 πὲρτὸψομαι
621 2600 815 2687 ’nassowa
851 2634 947 2696 quum
980 2631 1005 2672 α
1039 2633 1056 2673 a
1083 2591 1217 2695 prioris'¹

259 2708 401 2773 vocabuli
429 2710 516 2777 brevi
544 2715 791 2800 diphthongum
816 2716 971 2782 absorberi
999 2737 1061 2777 non
1088 2719 1189 2799 possit.

259 2813 399 2880 Porsorris
433 2819 579 2883 rationem
616 2821 689 2884 licet
708 2813 818 2886 ¹miuus
856 2821 1029 2906 probaverit
1061 2822 1190 2886 Wolfius
1323 2897 1326 2904 ,

167 2915 175 2926 '
258 2922 280 2982 l.
302 2920 322 2984 l.
344 2946 375 3007 p.
396 2922 476 3002 455,
504 2940 606 2988 tamen
631 2927 723 2991 facile
743 2943 896 3011 praestare
917 2942 1024 2992 oeuset
1045 2943 1189 2988 monstro-

256 3027 297 3089 sis
329 3029 433 3092 formis
460 3022 845 3112 reprobopoirreibrirr’,
876 3025 1070 3114 ei'Suopu'u,
1098 3032 1186 3113 χρῆ-

256 3123 426 3220 στᾲτὲρῳ
446 3159 502 3220 pro
522 3139 680 3221 χρῆσται
700 3133 805 3223 ’τέρῳ
825 3139 847 3202 i.
873 3139 899 3200 e.
924 3133 1045 3223 ἑτέρῳ,
1069 3142 1101 3202 in
1123 3143 1188 3225 qui·
1215 3198 1218 3204 .
1297 3227 1299 3231 Ι

255 3235 311 3300 bus
350 3241 390 3302 de
424 3247 506 3304 omni
547 3261 674 3307 accentu
709 3266 832 3324 prorsus
868 3245 1090 3327 desperandum
1130 3248 1188 3322 sit;

254 3345 367 3408 rectius
389 3345 532 3426 Dindorf.
561 3352 655 3412 edidit
676 3340 921 3434 χρῆσθάτέρῳ
942 3352 974 3412 in
997 3352 1092 3414 Arist}
1113 3349 1185 3413 Pac.

253 3449 337 3526 253,
377 3457 489 3522 rectius
524 3459 614 3516 otiam
642 3455 724 3518 Nub.
754 3454 788 3520 7.
831 3447 883 3520 ὅτ’
919 3449 1004 3519 οὐδὲ
1032 3447 1187 3520 κολάσαι

253 3555 373 3624 ἔξεστί
394 3581 457 3642 μοι
480 3553 564 3629 τούς
586 3557 738 3638 οἰκέτας,
764 3578 796 3625 ut
817 3563 849 3625 in
868 3563 1006 3647 plurimis
1027 3563 1186 3626 codicibus

254 3681 406 3728 exaratum
428 3668 559 3728 inveniri
582 3669 663 3730 testis
686 3683 732 3733 est
752 3665 945 3744 Bruncki'us,
971 3667 1045 3729 ticet
1066 3669 1185 3752 etipse

175 3765 178 3771 ’
253 3787 415 3854 perperam
437 3771 588 3854 scripserit
607 3762 761 3835 κολάσαι
776 3765 903 3841 ’Ὲεση
945 3775 1021 3837 Tam
1041 3761 1182 3858 γράφο-

253 3890 319 3949 μαι
351 3865 438 3955 ’γώ,
469 3899 560 3962 quum
591 3869 758 3962 ypuiqtopt'
791 3871 863 3962 ἐγὼ
894 3878 1026 3964 probum
1062 3881 1184 3943 viderur

252 3975 375 4042 Koerrio
402 3982 441 4044 ad
470 3976 760 4079 GregorrCorinth.
788 4009 820 4075 p.
842 3985 922 4064 171,
950 4001 1041 4069 prout
1067 4007 1183 4069 nempe
