2720 4650
534 441 780 574 -155-

197 639 306 704 Herm.
330 640 352 704 l.
375 639 397 703 l.
418 637 545 724 Proprie
574 638 658 700 enim
678 635 843 720 particulae
863 639 987 706 omissio
1008 643 1119 708 formu·

198 746 227 808 la
247 746 397 808 rhetorica
417 759 477 818 est,
521 763 600 826 quae
626 740 693 807 fieri
719 744 770 806 vel
797 744 911 808 factum
931 767 997 811 esse
1019 753 1119 830 sumit,

197 847 382 934 quod'certe
402 847 458 912 sub
480 848 653 912 conditione
673 848 787 910 factum
806 848 844 910 iri
869 849 1034 917 dicendum
1054 858 1120 919 fue-

197 970 251 1019 rat.
293 935 377 1038 Apte
400 955 568 1038 comparari
588 967 687 1036 potest
712 952 815 1016 Horat.
838 949 1119 1036 Od.11,17‚27:

196 1081 279 1135 „rue
299 1074 424 1124 trunous
448 1059 626 1132 sustulerat,
667 1058 727 1124 nisi
752 1055 996 1126 Faunusjetutn
1016 1066 1120 1131 dextra

196 1165 359 1248 levasset.“
407 1163 551 1228 Similem
577 1165 661 1227 enim
687 1165 825 1252 syntaxin
845 1167 994 1250 optimum
1014 1193 1121 1256 quem·

195 1292 256 1356 que
283 1271 411 1336 latinum
438 1269 617 1358 scriptorem
644 1271 793 1332 inritatum
820 1272 930 1346 fuisse,
969 1279 1119 1362 exemplis

196 1375 325 1441 ostendit
344 1373 516 1462 Reisigius,
537 1397 569 1458 p.
587 1373 651 1461 138
672 1390 702 1437 et
722 1371 796 1449 139,
821 1376 998 1441 discrimine
1017 1396 1119 1445 tamen

195 1483 275 1544 iuter
294 1481 493 1545 indicativum
516 1480 697 1568 simpliciter
721 1480 871 1566 positum,
891 1497 923 1544 et
939 1485 1150 1576 particulam·

197 1576 244 1657 ἄν
263 1607 377 1673 graece
398 1587 543 1662 additam,
565 1587 631 1650 sive
652 1584 881 1676 coniunctivunr
900 1575 1045 1664 latinurn,
1072 1593 1118 1654 in-

196 1695 347 1776 terposito.
390 1691 557 1777 „Simplex
577 1692 660 1756 enirn
680 1691 788 1753 modus
808 1690 881 1766 ille,
902 1695 952 1771 ait,
973 1687 1119 1762 eventum

196 1798 344 1886 signifieat
364 1799 481 1862 veritati
502 1799 686 1882 proximum,
707 1811 738 1860 et
755 1797 1038 1876 intentissimum,
1059 1806 1118 1867 nisi

77 1963 82 1970 ,
195 1922 233 1967 ex
256 1903 429 1968 conditione
451 1919 532 1968 esset
553 1917 653 1986 aptus,
681 1903 809 1974 alteram
830 1905 933 1986 paullo
953 1920 999 1969 est
1019 1908 1118 1971 incer·

128 2002 131 2010 ’
195 2011 252 2070 tius
272 2023 304 2071 et
323 2010 420 2096 magis
441 2007 534 2073 dubie
553 2009 702 2086 dietum.“
743 2006 793 2071 Cf.
808 2008 1119 2100 PopponisProlegg.

194 2115 226 2176 in
243 2115 383 2204 Thuoyd.
405 2117 436 2190 1,
457 2138 489 2199 p.
502 2114 575 2180 136.
604 2116 668 2178 Nos
687 2131 807 2200 quoque
827 2118 858 2177 h.
880 2115 902 2177 l.
924 2117 1028 2180 dicere
1050 2139 1118 2201 pos·

195 2239 298 2284 sumus
341 2224 416 2298 „ott
440 2217 556 2283 Wtuttst
585 2217 752 2295 &sunnone
780 2217 812 2291 ttt
838 2219 912 2292 nidrt
934 2222 1061 2297 gtnrtgt,
1089 2227 1117 2299 so

195 2333 280 2387 unos
302 2343 335 2403 ru
357 2327 437 2401 tout,
454 2326 520 2398 norb
540 2326 588 2401 bot
609 2328 643 2402 fir
659 2331 688 2385 rt
706 2322 863 2386 unbtnrrtt
883 2325 953 2399 dun
970 2319 1117 2391 daneon·
1143 2327 1144 2332 ’

194 2431 232 2494 V.
251 2431 422 2494 Schneider
442 2431 480 2494 ad
503 2434 533 2493 h.
556 2431 579 2492 l.
600 2445 630 2492 et
650 2427 761 2492 Matth.
784 2451 829 2514 gr.
850 2451 897 2514 gr.
918 2453 949 2512 p.
971 2427 1045 2505 968,
1067 2435 1117 2498 ed.

173 2522 254 2614 '11.,
284 2536 337 2601 ubi
365 2557 449 2601 nuno
475 2550 559 2600 recte
588 2536 725 2600 defendit
753 2525 965 2600 ἐλάνθανεν.
1014 2539 1117 2603 Antea

193 2645 277 2708 enirn
308 2646 348 2706 in‘
361 2643 415 2706 ed.
441 2641 577 2729 Weigel.
605 2657 763 2726 receperat
795 2632 969 2707 ἐλάνθαν’
991 2635 1047 2707 ἄν.
1073 2680 1116 2692 -

192 2745 400 2826 Bruuclrium,
433 2751 486 2834 qui
518 2751 558 2814 ad
587 2747 681 2814 Arist.
710 2748 783 2839 Lys.
811 2747 874 2813 149
906 2749 1117 2815 observaverat

193 2855 342 2941 „quando
368 2857 401 2918 in
429 2855 538 2939 protasi
560 2853 689 2918 verbum
714 2854 748 2916 in
773 2855 954 2938 imperfecto
978 2871 1116 2938 ponatur,

192 2960 244 3024 vel
271 2962 372 3026 aoristi
397 2961 561 3024 indicativo
589 2979 663 3024 oum
690 2958 835 3043 particula
863 2957 896 3023 ei
922 2961 955 3022 in
982 2962 1115 3043 spodosi‚

82 3201 85 3208 ⁴
192 3171 281 3234 ricula
305 3161 370 3246 ci'v3
396 3185 499 3236 contra
525 3171 550 3232 si
571 3171 604 3232 in
625 3171 732 3253 protasi
754 3171 902 3254 optativus
921 3189 993 3234 oum
1015 3169 1047 3234 εἰ
1067 3173 1115 3246 tit,

191 3279 306 3340 debere
327 3279 418 3340 etiam
439 3266 487 3340 ἅν
508 3278 646 3360 optativo
667 3277 694 3339 ir
724 3275 855 3360 apodosi
870 3275 967 3366 iungi,
977 3281 998 3314 ‘⁸
1026 3299 1116 3369 regu·

190 3383 252 3446 lum
273 3405 359 3447 suam
380 3399 574 3468 praepostere
592 3382 791 3466 expressisse,
819 3385 946 3446 oste'ndit
966 3384 1116 3448 Herman-

188 3510 247 3551 uus
270 3488 310 3554 ad
331 3488 440 3576 Viget.
463 3511 494 3574 p.
516 3487 581 3552 812
599 3509 655 3574 sq„
687 3487 741 3572 qui
761 3500 862 3550 tamen
882 3490 916 3552 in
937 3488 1117 3552 contrariam
1138 3545 1143 3560 ,
1232 3517 1235 3528 =

172 3608 307 3690 *partem
335 3594 426 3660 nimis
452 3608 614 3682 evagatur.
650 3587 813 3654 Contendit
834 3591 969 3656 enimin
990 3591 1115 3676 praefat.

186 3700 226 3763 ad
248 3699 343 3784 Soph.
365 3697 416 3762 El.
443 3723 476 3786 p.
496 3700 569 3764 XV.
589 3699 648 3766 ed.
670 3697 707 3771 1..
733 3685 804 3772 „riv
832 3697 997 3780 particulae
1024 3697 1114 3760 omis·

112 3849 116 3855 -
186 3805 306 3868 sionem
326 3827 421 3890 quum
442 3809 585 3868 omniurn
593 3825 783 3890 graecorum,
806 3817 868 3865 turn
885 3802 1041 3866 atticorum
1058 3823 1114 3866 usu
1211 3860 1215 3870 ‚

186 3912 369 3976 tritissimum
390 3918 504 3990 erae,“
526 3931 587 3972 nou
607 3910 716 3972 iniuria
738 3924 924 3994 repugnante
945 3904 1114 3972 Matthiaeo
1167 3943 1171 3948 ·
