2720 4650
515 433 738 508 ...5.-

163 625 226 702 lac,
246 624 326 688 vitae
346 624 517 688 communis
535 645 593 690 usu
614 624 728 711 ubique
737 601 960 710 comprobatae,
983 651 1040 717 per
1050 653 1085 696 so

162 730 424 816 interrogationem
446 730 583 794 efficiunt
603 731 762 816 integram,
783 731 821 794 τί
842 719 891 796 αὖ
914 757 988 798 vero
1008 737 1085 799 inci·

163 859 235 922 pere
255 852 369 899 tantum
396 835 473 900 solet
499 837 782 924 interrogationem,
828 855 863 901 ut
881 839 939 902 Ar.
961 841 983 903 l.
1005 839 1085 905 1.τί
1130 875 1137 898 ι

161 924 209 1028 uri
232 932 277 1004 σὺ
298 941 476 1018 aunuatim
498 943 598 1027 itaqu&
617 943 786 1007 Hermanni
803 935 1021 1023 coniecturae,
1048 943 1086 1010 ri
1106 979 1110 1004 t

162 1045 245 1110 ποτέ
265 1067 337 1128 μοι,
359 1027 618 1134 quam'rdoi'pere
634 1070 696 1110 non
717 1071 806 1114 ausus
826 1064 887 1125 est,
911 1051 1001 1115 aliam
1014 1074 1086 1137 qua-

162 1153 345 1240 lemcuuque
356 1175 512 1238 opponere
532 1153 638 1219 liceat:
660 1151 754 1218 rlrtr'
776 1139 826 1218 αὖ
847 1176 920 1238 μοι,
940 1159 974 1219 in
995 1179 1087 1242 quam

113 1323 115 1331 .
162 1259 264 1338 incidi,
285 1261 388 1324 locum
404 1242 616 1349 Aeschyleum
637 1262 810 1332 recordatus
832 1263 865 1325 in
887 1263 999 1348 Agam.
1022 1259 1087 1326 949

163 1362 259 1428 rime
281 1385 347 1445 μοτ
361 1351 438 1428 τόδ’
455 1362 624 1446 ἐμπέδως.
646 1399 687 1416 ·-
713 1364 855 1430 Proxime
872 1369 992 1430 accedit
1009 1371 1087 1433 haec

162 1471 252 1534 lectio
272 1472 310 1535 ad
320 1472 484 1558 vulgatam,
502 1469 540 1534 ri
559 1471 639 1544 not,²
662 1454 728 1549 ad,
750 1487 781 1534 et
796 1473 829 1535 in'
846 1472 1088 1562 basiglyooneo·

163 1567 229 1640 runi
250 1578 369 1662 saepius
390 1575 491 1641 iambo
512 1580 625 1662 opponi
641 1579 718 1645 solet
728 1580 898 1663 spondeus,
920 1601 1088 1664 quamana·

163 1697 280 1767 paestus
299 1684 463 1747 admodum
483 1699 658 1772 suspectus,
692 1687 778 1762 cuius
805 1687 872 1769 ipse
892 1685 1087 1750 Hermannus
1143 1731 1145 1737 ι

162 1791 219 1852 hoc
240 1795 336 1852 unum
358 1790 533 1875 exemplum
564 1793 598 1853 in
621 1793 759 1856 medium
779 1791 903 1876 protulit
921 1792 967 1864 in¹
983 1791 1088 1854 Elem.

162 1897 192 1959 d.
214 1919 257 1959 m.
279 1896 301 1959 l.
323 1895 345 1959 l.
369 1893 511 1981 Quanam
537 1918 576 1961 ex
594 1918 707 1991 ⁸catrtsm
725 1897 811 1962 idem
831 1897 1027 1962 Hermannus
1048 1896 1087 1960 τί

163 1997 270 2078 εἶπας,
292 2001 374 2086 quod
400 2001 472 2066 alibi
493 2004 526 2066 in
547 2000 689 2068 trimetris
709 2004 861 2089 agnoscit,
889 2002 972 2090 apud
994 2003 1087 2086 Soph.

162 2107 240 2171 Phil.
262 2104 326 2170 905
354 2108 421 2172 sine
451 2108 598 2173 librorum
629 2110 807 2171 auctoritare
823 2107 896 2170 cum
917 2105 1088 2172 Valckena-

161 2217 207 2277 rio
227 2229 260 2278 et
276 2215 485 2284 Erfurdtioin
505 2211 542 2276 ‘ti
564 2215 603 2296 μ’
626 2207 725 2282 tiata?
742 2211 924 2286 mutaverit,
951 2214 1088 2276 nondum
1173 2241 1174 2246 ¹

161 2321 304 2386 mesatis
326 2321 516 2406 perspexisse
543 2322 648 2384 fateor.
676 2316 719 2382 Ti
740 2318 780 2400 μ’
796 2315 914 2393 εἶπας,
942 2318 1000 2394 ait,
1025 2340 1088 2380 non

160 2425 256 2512 quid
278 2427 324 2488 de
345 2449 425 2501 me,
468 2419 524 2490 s'ed
552 2426 644 2512 quid
673 2425 712 2486 in
733 2446 792 2487 me
816 2423 954 2487 dixisti
975 2423 1089 2512 siguifi-

160 2548 225 2610 cat3
252 2533 284 2594 id
307 2534 387 2617 quod
413 2534 480 2596 sine
501 2533 686 2618 argumentis
709 2552 772 2594 non
790 2531 984 2618 crediderim.
1026 2531 1090 2594 Ne·

160 2662 222 2725 que
244 2639 328 2701 enim
350 2637 387 2700 ri
409 2638 449 2720 μ’
472 2636 586 2716 εἶπας,
616 2639 674 2702 nisi
695 2638 794 2710 fallor,
822 2636 905 2700 aliud
923 2636 1088 2720 quidquam

160 2744 230 2810 esse
251 2744 366 2828 potest,
399 2767 490 2830 quam
513 2745 612 2828 ‚aquid
634 2745 675 2806 de
697 2764 748 2831 me
769 2742 906 2804 dixisti.“
948 2741 991 2804 Ar
1014 2761 1088 2804 vero

160 2871 263 2936 neque
284 2856 343 2914 hoc
364 2873 466 2938 neque
494 2849 571 2913 illud
591 2853 621 2912 h.
643 2851 665 2914 l.
692 2849 899 2911 necessarium
921 2862 974 2910 est.
1019 2847 1089 2908 suf·
1123 2843 1129 2854 ’

158 2956 224 3019 ficit
245 2957 329 3019 enim
349 2956 480 3040 simplex
502 2954 860 3041 quaestio·Philoctetae,
892 2952 1088 3035 Neoptolemi

158 3062 426 3146 minisperterriti:
449 3061 487 3125 ol
508 3081 581 3142 μοι,
603 3057 640 3121 τί
662 3059 779 3127 elnon
803 3060 883 3143 quod
900 3059 941 3120 W
944 3057 1088 3134 underus,

157 3165 354 3245 Dindorfius,
387 3167 573 3231 Matthaeius
600 3166 651 3230 alii
677 3165 861 3229 recentiores
883 3180 967 3227 recte
989 3185 1088 3226 serva·

157 3279 279 3336 verultt.
345 3271 394 3342 Cf.
423 3273 627 3336 Mattlmeium
655 3273 693 3336 ad
722 3295 753 3336 v.
774 3269 839 3336 723
862 3270 914 3332 ubi
935 3267 971 3330 ri
994 3265 1088 3336 ἔστιν

156 3382 298 3442 omnium
309 3381 457 3448 librorum
467 3401 616 3444 consensu
624 3379 787 3453 firmatum,
809 3377 991 3450 Erfurdtius,
1015 3373 1089 3436 Por·
1174 3426 1177 3432 .

157 3487 227 3548 soni
248 3486 442 3572 obsequutus‚
465 3474 578 3570 (que'm
598 3505 630 3547 v.
652 3483 691 3546 ad
714 3483 791 3546 Eur.
813 3481 930 3544 Phoen.
952 3477 1033 3555 892)
1056 3481 1089 3540 in
1196 3487 1199 3495 ¹

154 3589 193 3652 ri
216 3588 356 3654 δ’ἐστὶν
372 3594 513 3666 mutarim
537 3592 633 3654 ceteri
651 3611 758 3653 omnes
773 3588 926 3674 vulgatam
947 3587 1088 3648 intactam

155 3697 358 3782 reliquerunt.
408 3698 448 3761 V.
474 3697 582 3759 Herm.
605 3695 642 3758 ad
667 3697 698 3757 h.
726 3694 748 3756 l.
773 3709 803 3755 et
825 3693 917 3756 elem.
939 3692 969 3754 d.
991 3715 1033 3754 m.
1055 3713 1087 3778 p.

154 3803 212 3864 50.
235 3829 276 3850 ⁴-
297 3795 426 3869 Philo'c't.
442 3803 506 3865 100
526 3799 561 3864 ri
584 3785 652 3864 οὖν
673 3799 712 3879 μ’
725 3789 887 3880 dustram
916 3795 996 3882 quod
1017 3817 1089 3860 cum

156 3909 302 3974 omnibus
321 3909 407 3976 libris
426 3911 516 3974 etiam
531 3907 652 3972 Scholia
666 3903 830 3990 praebent,
852 3900 1089 3968 Wakefieldium
