2726 4652
530 450 803 532 -107—

202 652 318 718 Phoen.
339 645 372 715 6.
403 646 570 718 Wellauer.
589 642 627 714 aa
647 648 762 712 Aesoh.
785 643 886 708 Prom.
908 638 971 708 345
993 657 1024 704 et
1043 640 1128 706 Pers.

201 755 276 823 747.
318 753 372 821 De
398 749 522 819 εἵνεκα
544 769 580 818 et
607 746 742 818 οὕνεκα
768 775 798 816 v.
820 745 969 814 Meinek.
991 748 1033 810 ad
1052 743 1129 808 Me·

200 862 307 927 nandr.
324 861 368 946 p.
395 857 478 937 391,
514 859 682 924 Wellauer.
709 858 748 922 ad
773 856 888 920 Aesch.
915 853 1019 916 From.
1047 848 1129 923 3453

200 967 355 1051 Popponis
379 964 522 1052 Prolegg.
547 966 588 1030 ad
613 964 753 1058 Thucyd.
780 963 814 1040 1,
842 985 874 1046 p.
894 957 974 1029 2123
1015 955 1128 1022 March.

200 1092 248 1158 gr.
268 1092 315 1157 gt.
331 1075 360 1150 ᾗ.
380 1068 423 1134 12
440 1091 512 1135 oum
532 1086 595 1134 not.
615 1069 766 1156 g.Burtm.
788 1090 833 1156 gr.
855 1089 903 1155 gr.
924 1089 954 1150 p.
971 1061 1036 1130 292
1057 1085 1130 1126 cum

200 1177 286 1242 Add.
306 1199 338 1262 p.
359 1176 434 1254 388,
462 1192 492 1240 et
511 1176 679 1240 Ahlwardt.
700 1179 733 1238 in
754 1173 861 1264 Symb.
884 1172 917 1235 II
936 1172 974 1236 ad
1003 1171 1130 1234 Schnei-

201 1283 269 1345 deri
294 1282 370 1347 Lex.
392 1305 439 1368 gr.
481 1279 612 1346 Melicis
638 1298 752 1347 tantum
780 1277 914 1364 partibus
943 1278 1129 1341 conveniunt

201 1385 341 1452 ἔσσεται
361 1389 443 1473 apud
462 1385 577 1452 Aesch.
597 1389 681 1453 Pers.
703 1387 783 1460 120,
806 1385 860 1448 ubi
879 1406 910 1449 v.
933 1383 1042 1459 well„
1068 1377 1129 1470 ἔμ·
1182 1379 1188 1386 ’
1271 1356 1278 1371 ¹

155 1575 161 1586 .
201 1513 319 1576 μεναι,
340 1491 434 1570 ἔσκε,
455 1490 600 1571 ἐοῦσαν,
621 1516 651 1558 v.
664 1495 772 1557 Herm.
793 1495 831 1555 ad
854 1493 953 1574 Soph.
969 1485 1128 1560 Ant.619,

201 1589 334 1664 τόσσον
341 1646 354 1678 ,
373 1592 502 1675 ὅσσον,
524 1590 690 1680 πρόσσω,
712 1597 877 1675 κτίσσας,
900 1588 1066 1671 ὀλέσσας,
1088 1594 1128 1656 de

201 1707 311 1791 quibus
332 1728 363 1772 v.
384 1702 521 1771 Lobeck.
542 1708 581 1794 ad
601 1705 655 1770 Ai.
675 1707 750 1794 183,
771 1701 885 1769 Monk.
908 1719 938 1768 et
959 1702 1128 1765 Wuestem.

201 1813 240 1874 ad
260 1812 336 1875 Eur.
363 1809 481 1876 Alcesr.
508 1809 584 1876 281.
635 1812 745 1878 Elmsl.
775 1813 813 1890 ad
834 1812 917 1879 'Eun
941 1807 1034 1870 Med.
1055 1803 1128 1881 814.

201 1915 347 1981 Meinelr.
376 1917 514 2002 Quaestr.
540 1901 720 1983 Menandr.
743 1941 775 2002 p.
801 1917 862 1992 31,
893 1915 1062 1987 Wellauer.
1090 1914 1130 1975 ad

201 2022 317 2087 Aeseh.
344 2021 457 2108 Agam.
482 2020 557 2086 188.
573 2019 584 2040 ’
600 2020 652 2084 De
675 2024 820 2096 diaeresi,
847 2024 881 2085 in
901 2020 1005 2084 formis
1028 2009 1129 2094 νόον,

201 2117 736 2215 p‘rcSpor,213poor,sim}libus,
759 2127 858 2204 obvia,
882 2151 911 2192 v.
934 2123 1069 2201 Lobeck.
1091 2125 1130 2188 ad

202 2233 255 2297 Αἱ.
269 2232 348 2309 427;
372 2234 541 2298 Wellauer.
564 2218 747 2296 comeum.
769 2232 917 2320 Aeschyl.
940 2256 971 2317 p.
992 2230 1050 2300 223
1090 2231 1131 2292 de

203 2328 351 2408 ἐλεεινὸς
370 2341 411 2404 cf.
429 2337 886 2404 WellaueradAesoh.P1-0m.
904 2335 986 2410 246,
1006 2335 1130 2398 Porsen.

203 2429 314 2510 Prrefi¹
330 2425 397 2510 ⁸ad'
430 2445 539 2530 Eurip.
585 2442 708 2508 Hecub.
753 2467 785 2526 p.
825 2442 863 2513 73
917 2444 956 2506 de
1000 2437 1129 2521 ἀΐσσω,

205 2545 308 2638 ᾄσσω
328 2575 359 2617 v.
379 2551 489 2614 Elmsl.
510 2552 548 2615 ‘ad
563 2551 671 2634 Eurip.
693 2549 806 2636 Bacch.
828 2547 909 2625 147,
933 2549 1066 2613 Pierson.
1090 2551 1129 2614 ad

203 2657 343 2722 Moerid.
369 2679 401 2746 p.
418 2656 509 2758 801,
555 2655 681 2721 Porson.
714 2658 753 2720 ad
786 2657 895 2740 Eurip.
923 2656 1045 2720 Hecub.
1076 2656 1130 2730 31,

204 2764 336 2826 Seidler.
357 2763 397 2826 de
418 2784 448 2827 v.
471 2762 592 2826 dochm.
615 2785 644 2846 p.
665 2762 727 2840 20,
770 2761 938 2825 Wellauer.
958 2765 997 2826 ad
1017 2763 1131 2825 Aesoh.

203 2869 289 2956 Pers.
309 2866 392 2944 4623
432 2870 511 2949 adde
530 2865 690 2932 Welcker.
717 2871 750 2931 in
776 2867 922 2951 Append.
952 2869 991 2932 ad
1015 2867 1131 2952 Trilog.

204 2973 322 3038 Aesch.
350 2997 382 3056 p.
407 2971 461 3037 88.
511 2971 617 3038 Darivi
639 2973 764 3058 pluralis
785 2974 880 3051 exitus
901 2973 933 3034 in
953 2982 1023 3056 3761,
1047 2983 1131 3052 αισι,
1220 3023 1227 3042 ,

204 3098 258 3162 ῃς,
276 3078 359 3168 apud
380 3079 485 3162 epicos
496 3080 765 3164 frequentissimus,
785 3080 818 3140 in
839 3080 1021 3164 tragicorum
1041 3081 1133 3144 eriam
1176 3121 1178 3128 ‹

205 3201 295 3268 arque
325 3182 540 3273 Aristophanis¹
571 3183 682 3248 fabulis
719 3186 830 3268 passim
867 3185 1029 3272 reperitur.
1090 3187 1131 3252 V.

206 3289 313 3355 Elmsl.
336 3305 368 3352 et
387 3288 513 3354 Porson.
534 3288 574 3355 ad
593 3291 668 3355 Eur.
689 3289 782 3353 Med.
803 3287 894 3363 466,
918 3288 1068 3356 Valcken.
1094 3295 1134 3357 ad

204 3398 281 3462 Eur.
303 3397 401 3483 Hipp.
425 3393 512 3460 1432
539 3411 571 3458 et
590 3396 705 3460 Phoen.
727 3395 786 3472 62,
819 3397 923 3459 Koen.
944 3399 983 3460 ad
1001 3392 1133 3482 Gregor.
1192 3407 1198 3416 “

206 3501 280 3568 Cor.
301 3525 332 3587 p.
342 3501 423 3576 3833
445 3500 580 3566 Brunclr.
601 3503 640 3566 ad
661 3501 753 3565 Arist.
772 3501 851 3566 Rau.
865 3502 961 3567 1211.
993 3500 1133 3569 Fischer.

204 3607 382 3672 arpen...
395 3606 422 3681 1,
443 3606 560 3693 para.
602 3587 713 3672 Bromr.
734 3621 765 3670 et
778 3607 946 3676 wellan...
960 3607 1132 3695 mesor..

206 3710 392 3800 Brom.363.
412 3709 464 3786 De
475 3715 564 3798 epico
572 3713 1058 3787 secundaedeclinationisdativo,
1079 3715 1133 3800 qui

206 3821 241 3914 in
263 3827 331 3882 οισι
350 3820 421 3894 exit,
445 3842 476 3884 v.
492 3817 630 3886 Fischer.
645 3820 683 3884 ad
698 3819 839 3900 Weller.⁴
851 3817 878 3893 1,
892 3842 922 3903 p.
931 3817 1012 3895 376,
1039 3835 1070 3882 et
1090 3821 1131 3884 cf.
1174 3883 1179 3892 ,
1255 3840 1260 3860 ¹

209 3924 325 3990 Heind.
334 3923 455 3992 adPlat.
463 3924 590 3992 Phaedr.
599 3925 651 3994 87.
659 3925 878 3992 Inunirersum
885 3947 959 3992 vero
967 3927 1135 4011 Sophocles
