2726 4652
522 443 769 520 ..51-

181 603 412 722 exemplatio'ic
433 639 557 725 regulae
581 639 795 724 repugnantia,
818 653 945 722 quorum
966 637 1102 700 nondum

181 746 248 824 satis
274 745 412 826 expedita
439 751 486 808 'est
510 745 597 816 ratio:
628 765 658 804 v.
686 743 779 807 Wolf.
794 742 913 806 ‘Anall
941 742 972 819 1,
1002 741 1102 815 P.11,

180 870 210 932 p.
219 847 293 912 435.
336 847 421 932 Quib
469 849 656 910 annumerari
670 863 797 929 praestat
816 839 946 923 τᾶλλα,
966 838 1102 932 τᾶργα,

181 953 306 1025 similia,
328 976 385 1037 qua
440 953 717 1022 circumflecteudis
736 954 779 1016 iis
793 975 861 1016 eant
889 954 1025 1039 regulam
1047 955 1102 1016 tol·

180 1059 255 1130 lere,
375 1059 567 1120 trcunrflexus
586 1073 727 1136 accentus
749 1060 784 1120 iis
806 1060 1012 1120 tantummodo
1030 1065 1102 1120 co'n·

181 1162 372 1252 tractionibus
400 1165 577 1228 tribuendus
612 1149 666 1236 sit',
704 1185 781 1248 quae
810 1177 879 1226 ante
910 1163 1102 1238 coalitionem

181 1283 300 1331 acutum
324 1269 482 1332 habuerint
503 1291 574 1332 cum
593 1269 697 1352 gravi,
726 1269 807 1341 sive,
835 1269 866 1329 id
889 1269 966 1351 quod
991 1270 1101 1332 eodem

180 1375 272 1446 redit,
302 1377 402 1458 ipsum
430 1371 671 1438 circumflexum.
715 1373 976 1458 Quonecessario
997 1374 1102 1436 discri-

154 1481 262 1568 'mine
287 1479 402 1544 sublato
430 1481 490 1543 iam
518 1477 719 1544 scribendum
736 1480 814 1541 leret
851 1461 950 1551 κᾶτι,
984 1463 1101 1558 χᾶμα,

179 1569 276 1666 χῶτι,
297 1571 430 1665 ysaiam,
452 1569 602 1664 κᾶνὲίεν,
625 1592 675 1659 (v.
698 1584 793 1646 Wolf.
813 1584 835 1647 l.
858 1584 877 1645 l.
898 1607 927 1668 p.
947 1581 1078 1660 432),
1069 1609 1101 1646 m

179 1713 270 1775 quem
290 1713 424 1754 errorem
443 1712 547 1766 nemo,
568 1691 673 1774 quod
662 1690 768 1762 sciam,
789 1689 887 1752 adhuc
909 1712 1006 1773 usque
1026 1689 1101 1752 inci·

179 1797 228 1857 dit
272 1779 339 1858 Nec
353 1797 530 1881 quisquam
569 1793 742 1886 Buttmanni
779 1797 935 1868 rationem,
967 1777 1101 1872 τᾶλλα,

178 1885 314 1966 τανὸον
336 1903 525 1964 defendentis
547 1903 578 1962 in
598 1924 644 1985 gr.
666 1923 712 1985 gr.
734 1903 760 1978 ᾗ.
781 1898 835 1976 29,
854 1899 932 1976 5⁴¹,
958 1902 1101 1968 concilia-

147 2010 161 2106 χ’
177 2011 255 2072 verit
275 2030 347 2072 cum
368 2008 423 2078 iis,
449 2029 526 2091 quae
547 2005 587 2079 de
608 2022 826 2068 contractarum
847 2003 1031 2098 syllabarum
1051 2028 1102 2070 ac-

179 2130 268 2179 centu
291 2117 359 2202 ipse
379 2113 515 2196 exposuit
536 2112 560 2188 β.
581 2108 643 2184 28,
663 2109 702 2182 7,
722 2111 779 2172 nisi
801 2113 925 2174 fortasse
953 2112 1039 2176 aliter
1067 2134 1101 2176 se

85 2255 90 2262 =
129 2267 133 2271 -
176 2220 287 2284 habere
308 2233 488 2282 accentuum
510 2216 654 2278 rationem
676 2214 834 2277 arbitretur
852 2216 883 2277 in
905 2238 966 2278 uno
979 2217 1101 2280 eodem-

143 2325 149 2336 *
177 2311 238 2411 qtie
270 2324 419 2389 vocabulo
453 2335 623 2394 contracto,
657 2321 743 2382 aliter
775 2321 806 2381 in
839 2318 955 2384 duobus
982 2301 1101 2386 'coalitis

175 2429 341 2496 vocabulis.
385 2427 529 2491 Ceterum
551 2415 660 2498 Por‘so,
682 2425 891 2499 Hermanuua,
914 2426 1100 2504 walderus,
1153 2462 1155 2468 ι

127 2535 131 2540 ’
174 2535 370 2609 Diodorfius,
391 2535 601 2606 Wellauerus,
629 2532 771 2602 Botlrius,
804 2530 960 2594 Passorius
989 2533 1100 2616 aliique

174 2644 360 2721 recentiores
382 2639 516 2704 scribere
537 2638 633 2701 solent
654 2628 791 2714 τᾶλλα,
814 2625 954 2718 τᾶργα,
981 2637 1100 2701 similia.

174 2749 296 2834 Quare,
323 2769 418 2833 usque
445 2748 517 2808 dum
538 2745 673 2808 certioris
695 2745 807 2826 aliquid
828 2744 987 2804 inventum
1008 2744 1100 2805 fuerit

171 2871 263 2939 atque
283 2851 570 2934 comprobatum,
562 2873 594 2909 tn
617 2849 738 2921 ll'olfii,
761 2849 816 2908 viri
839 2846 966 2920 summi,
993 2847 1099 2928 regula
1151 2867 1165 2880 ·

109 2943 115 2950 .
172 2958 431 3043 acquiescendum
458 2975 526 3018 esse
553 2953 712 3022 ducimus;
746 2973 776 3012 r.
803 2948 914 3012 Matth.
934 2973 979 3034 gr.
1000 2973 1098 3034 grp

136 3099 139 3104 ·
171 3063 237 3128 120
256 3079 293 3126 et
321 3061 385 3124 112
415 3080 443 3122 c.
472 3057 553 3120 Add.
592 3091 635 3102 -
677 3054 728 3118 De
756 3077 768 3116 2
798 3056 983 3136 subscripto,
1018 3057 1099 3138 quod

170 3172 294 3242 dicunt,
316 3169 403 3230 cuius
433 3187 504 3227 usus
531 3166 591 3225 iam
617 3163 669 3224 diu
698 3163 787 3223 certis
814 3159 923 3222 finibus
950 3161 1099 3222 coercitus

171 3291 251 3352 erat,
282 3295 405 3359 magnas
440 3272 542 3331 denuo
561 3258 677 3331 ‘tumus
716 3265 1098 3338 excitavitschneiderus

170 3404 203 3464 p.
225 3379 279 3444 43.
321 3378 359 3441 ld
378 3379 500 3461 quidem
523 3374 677 3446 concedit,
706 3371 835 3436 duorum
859 3393 871 3432 2
898 3372 1025 3433 alterum
1049 3370 1099 3431 ab·

125 3533 130 3542 .
170 3485 341 3574 iica'enrlum
361 3471 440 3558 essia,
462 3504 555 3566 quum
578 3479 704 3542 alterum
726 3478 929 3563 tantummodo
954 3477 1098 3547 audiatur,

169 3612 273 3675 neque
292 3591 454 3672 utrumque
470 3587 653 3668 adscriptum
673 3582 799 3665 patiatur
811 3581 945 3666 analogia
969 3601 1099 3662 ususque

110 3779 117 3789 .
170 3695 343 3764 scribendi3
387 3696 487 3780 itaque
508 3713 562 3775 pro
583 3685 648 3752 nal
668 3685 766 3766 εἶτα,
792 3683 856 3754 καὶ
883 3681 1004 3748 οἰκίαν
1025 3686 1098 3744 scri·

169 3800 308 3862 bendum
337 3822 405 3862 esse
425 3783 586 3886 κῷκίαν,
612 3778 719 3880 κᾷτα.
762 3793 872 3875 Neque
894 3805 1043 3859 tament,
1066 3788 1115 3866 in,

145 3908 274 3970 'medio
307 3863 577 3972 contraheridarum
609 3899 761 3965 vocalium
793 3894 941 3982 positum,
978 3915 1098 3983 prorsus
