<?xml version="1.0" encoding="UTF-8"?>
<!DOCTYPE html PUBLIC "-//W3C//DTD XHTML 1.0 Transitional//EN"
    "http://www.w3.org/TR/xhtml1/DTD/xhtml1-transitional.dtd">
<html xmlns="http://www.w3.org/1999/xhtml" xml:lang="en" lang="en">
 <head>
  <title>
</title>
<meta http-equiv="Content-Type" content="text/html;charset=utf-8" />
  <meta name='ocr-system' content='tesseract 3.04.00' />
  <meta name='ocr-capabilities' content='ocr_page ocr_carea ocr_par ocr_line ocrx_word'/>
</head>
<body>
  <div class='ocr_page' id='page_1' title='image "./observationescr00khgoog_0100.png"; bbox 0 0 2726 4652; ppageno 0'>
   <div class='ocr_carea' id='block_1_1' title="bbox 531 474 779 606">
    <p class='ocr_par' dir='ltr' id='par_1_1' title="bbox 531 474 779 606">
     <span class='ocr_line' id='line_1_1' title="bbox 531 474 779 606; baseline -0.012 -74"><span class='ocrx_word' id='word_1_1' title='bbox 531 515 593 606; x_wconf 35' lang='grc' dir='ltr'>...Ι</span> <span class='ocrx_word' id='word_1_2' title='bbox 629 474 680 556; x_wconf 68' lang='lat' dir='ltr'>fia</span> <span class='ocrx_word' id='word_1_3' title='bbox 714 512 779 556; x_wconf 67' lang='grc'>...-</span> 
     </span>
    </p>
   </div>
   <div class='ocr_carea' id='block_1_2' title="bbox 69 665 1174 868">
    <p class='ocr_par' dir='ltr' id='par_1_2' title="bbox 69 665 1174 868">
     <span class='ocr_line' id='line_1_2' title="bbox 69 665 1174 766; baseline 0.003 -30"><span class='ocrx_word' id='word_1_4' title='bbox 69 753 75 766; x_wconf 90' lang='lat'><strong>.</strong></span> <span class='ocrx_word' id='word_1_5' title='bbox 188 671 384 764; x_wconf 77' lang='lat' dir='ltr'>dubitandum</span> <span class='ocrx_word' id='word_1_6' title='bbox 402 686 456 744; x_wconf 78' lang='lat' dir='ltr'>est.</span> <span class='ocrx_word' id='word_1_7' title='bbox 477 691 491 740; x_wconf 79' lang='lat' dir='ltr'>a</span> <span class='ocrx_word' id='word_1_8' title='bbox 510 665 874 757; x_wconf 77' lang='lat' dir='ltr'>apudgraeooaauditum</span> <span class='ocrx_word' id='word_1_9' title='bbox 893 671 997 746; x_wconf 74' lang='grc' dir='ltr'>Ιιιίιιο,</span> <span class='ocrx_word' id='word_1_10' title='bbox 1017 671 1111 757; x_wconf 83' lang='lat' dir='ltr'>idque</span> <span class='ocrx_word' id='word_1_11' title='bbox 1170 740 1174 746; x_wconf 73' lang='grc'>,</span> 
     </span>
     <span class='ocr_line' id='line_1_3' title="bbox 177 775 1118 868; baseline -0.002 -26"><span class='ocrx_word' id='word_1_12' title='bbox 177 781 254 868; x_wconf 85' lang='lat' dir='ltr'>sine</span> <span class='ocrx_word' id='word_1_13' title='bbox 277 778 337 840; x_wconf 91' lang='lat' dir='ltr'>nlla</span> <span class='ocrx_word' id='word_1_14' title='bbox 359 779 441 840; x_wconf 82' lang='lat' dir='ltr'>vocis</span> <span class='ocrx_word' id='word_1_15' title='bbox 459 778 608 854; x_wconf 84' lang='lat' dir='ltr'>molestia,</span> <span class='ocrx_word' id='word_1_16' title='bbox 630 777 807 864; x_wconf 79' lang='lat' dir='ltr'>praesertim</span> <span class='ocrx_word' id='word_1_17' title='bbox 826 775 925 842; x_wconf 83' lang='lat' dir='ltr'>vocali</span> <span class='ocrx_word' id='word_1_18' title='bbox 945 777 1043 840; x_wconf 89' lang='lat' dir='ltr'>littera</span> <span class='ocrx_word' id='word_1_19' title='bbox 1063 801 1118 844; x_wconf 78' lang='lat' dir='ltr'>se-</span> 
     </span>
    </p>
   </div>
   <div class='ocr_carea' id='block_1_3' title="bbox 94 880 1111 1073">
    <p class='ocr_par' dir='ltr' id='par_1_3' title="bbox 94 880 1111 1073">
     <span class='ocr_line' id='line_1_4' title="bbox 187 880 1111 971; baseline 0.003 -26"><span class='ocrx_word' id='word_1_20' title='bbox 187 899 308 969; x_wconf 86' lang='lat' dir='ltr'>quente.</span> <span class='ocrx_word' id='word_1_21' title='bbox 352 885 431 964; x_wconf 66' lang='lat' dir='ltr'>&#39;lum</span> <span class='ocrx_word' id='word_1_22' title='bbox 466 884 549 946; x_wconf 87' lang='lat' dir='ltr'>enim</span> <span class='ocrx_word' id='word_1_23' title='bbox 577 880 727 971; x_wconf 82' lang='lat' dir='ltr'>consonae</span> <span class='ocrx_word' id='word_1_24' title='bbox 760 883 827 945; x_wconf 86' lang='lat' dir='ltr'>sere</span> <span class='ocrx_word' id='word_1_25' title='bbox 857 881 973 945; x_wconf 75' lang='lat' dir='ltr'>litterae</span> <span class='ocrx_word' id='word_1_26' title='bbox 1007 884 1111 950; x_wconf 81' lang='lat' dir='ltr'>vicem</span> 
     </span>
     <span class='ocr_line' id='line_1_5' title="bbox 94 975 1111 1073; baseline 0 -19"><span class='ocrx_word' id='word_1_27' title='bbox 94 1005 115 1026; x_wconf 39' lang='lat'>&#39;¹</span> <span class='ocrx_word' id='word_1_28' title='bbox 187 989 398 1054; x_wconf 81' lang='lat' dir='ltr'>sustentavisse</span> <span class='ocrx_word' id='word_1_29' title='bbox 424 987 560 1064; x_wconf 84' lang='lat' dir='ltr'>videtur,</span> <span class='ocrx_word' id='word_1_30' title='bbox 588 988 629 1052; x_wconf 87' lang='lat' dir='ltr'>ita</span> <span class='ocrx_word' id='word_1_31' title='bbox 657 975 817 1073; x_wconf 58' lang='lat' dir='ltr'>alipium</span> <span class='ocrx_word' id='word_1_32' title='bbox 836 989 968 1051; x_wconf 78' lang='lat' dir='ltr'>sonuerit</span> <span class='ocrx_word' id='word_1_33' title='bbox 988 990 1111 1064; x_wconf 69' lang='lat' dir='ltr'>lonasse</span> 
     </span>
    </p>
   </div>
   <div class='ocr_carea' id='block_1_4' title="bbox 90 1092 1177 1185">
    <p class='ocr_par' dir='ltr' id='par_1_4' title="bbox 90 1092 1177 1185">
     <span class='ocr_line' id='line_1_6' title="bbox 90 1092 1177 1185; baseline 0.006 -31"><span class='ocrx_word' id='word_1_34' title='bbox 90 1119 96 1136; x_wconf 91' lang='lat'><strong>·</strong></span> <span class='ocrx_word' id='word_1_35' title='bbox 188 1093 305 1168; x_wconf 78' lang='lat' dir='ltr'>lojon.</span> <span class='ocrx_word' id='word_1_36' title='bbox 347 1092 387 1156; x_wconf 89' lang='lat' dir='ltr'>V.</span> <span class='ocrx_word' id='word_1_37' title='bbox 408 1093 516 1156; x_wconf 84' lang='lat' dir='ltr'>Herm.</span> <span class='ocrx_word' id='word_1_38' title='bbox 537 1094 576 1155; x_wconf 90' lang='lat' dir='ltr'>de</span> <span class='ocrx_word' id='word_1_39' title='bbox 587 1093 718 1156; x_wconf 77' lang='lat' dir='ltr'>emend.</span> <span class='ocrx_word' id='word_1_40' title='bbox 737 1108 797 1185; x_wconf 31' lang='lat' dir='ltr'>rat..</span> <span class='ocrx_word' id='word_1_41' title='bbox 812 1115 859 1177; x_wconf 83' lang='lat' dir='ltr'>gr.</span> <span class='ocrx_word' id='word_1_42' title='bbox 879 1116 925 1178; x_wconf 87' lang='lat' dir='ltr'>gr.</span> <span class='ocrx_word' id='word_1_43' title='bbox 943 1093 977 1168; x_wconf 88' lang='lat' dir='ltr'>I,</span> <span class='ocrx_word' id='word_1_44' title='bbox 999 1118 1031 1177; x_wconf 93' lang='lat' dir='ltr'>p.</span> <span class='ocrx_word' id='word_1_45' title='bbox 1056 1094 1111 1171; x_wconf 83' lang='lat'>36,</span> <span class='ocrx_word' id='word_1_46' title='bbox 1174 1107 1177 1118; x_wconf 89' lang='lat'>&#39;</span> 
     </span>
    </p>
   </div>
   <div class='ocr_carea' id='block_1_5' title="bbox 187 1197 1119 1283">
    <p class='ocr_par' dir='ltr' id='par_1_5' title="bbox 187 1197 1119 1283">
     <span class='ocr_line' id='line_1_7' title="bbox 187 1197 1119 1283; baseline 0.001 -23"><span class='ocrx_word' id='word_1_47' title='bbox 187 1214 218 1260; x_wconf 87' lang='lat' dir='ltr'>et</span> <span class='ocrx_word' id='word_1_48' title='bbox 244 1197 287 1260; x_wconf 85' lang='grc'>42</span> <span class='ocrx_word' id='word_1_49' title='bbox 313 1212 376 1282; x_wconf 86' lang='lat' dir='ltr'>sq.‘</span> <span class='ocrx_word' id='word_1_50' title='bbox 404 1197 511 1283; x_wconf 82' lang='lat' dir='ltr'>Viger.</span> <span class='ocrx_word' id='word_1_51' title='bbox 544 1200 583 1261; x_wconf 89' lang='lat' dir='ltr'>de</span> <span class='ocrx_word' id='word_1_52' title='bbox 611 1198 758 1264; x_wconf 86' lang='lat' dir='ltr'>Idiotism.</span> <span class='ocrx_word' id='word_1_53' title='bbox 791 1221 823 1282; x_wconf 88' lang='lat' dir='ltr'>p.</span> <span class='ocrx_word' id='word_1_54' title='bbox 852 1198 927 1277; x_wconf 81' lang='lat'><strong>526.</strong></span> <span class='ocrx_word' id='word_1_55' title='bbox 975 1197 1119 1280; x_wconf 57' lang='lat' dir='ltr'>Belrkers</span> 
     </span>
    </p>
   </div>
   <div class='ocr_carea' id='block_1_6' title="bbox 47 1277 1109 1390">
    <p class='ocr_par' dir='ltr' id='par_1_6' title="bbox 47 1277 1109 1390">
     <span class='ocr_line' id='line_1_8' title="bbox 47 1277 1109 1390; baseline 0.044 -34"><span class='ocrx_word' id='word_1_56' title='bbox 47 1277 100 1319; x_wconf 28' lang='lat'>‘¹&#39;</span> <span class='ocrx_word' id='word_1_57' title='bbox 186 1303 309 1366; x_wconf 71' lang='lat' dir='ltr'>anecd.</span> <span class='ocrx_word' id='word_1_58' title='bbox 338 1326 370 1390; x_wconf 81' lang='lat' dir='ltr'>p.</span> <span class='ocrx_word' id='word_1_59' title='bbox 391 1299 466 1366; x_wconf 79' lang='lat'><strong>496.</strong></span> <span class='ocrx_word' id='word_1_60' title='bbox 508 1300 666 1368; x_wconf 71' lang='lat' dir='ltr'>wetcker.</span> <span class='ocrx_word' id='word_1_61' title='bbox 693 1305 841 1389; x_wconf 75' lang='lat' dir='ltr'>spicileg·</span> <span class='ocrx_word' id='word_1_62' title='bbox 862 1305 971 1390; x_wconf 67' lang='lat' dir='ltr'>aptgr.</span> <span class='ocrx_word' id='word_1_63' title='bbox 1001 1329 1048 1389; x_wconf 61' lang='lat' dir='ltr'>ef·</span> <span class='ocrx_word' id='word_1_64' title='bbox 1065 1305 1109 1381; x_wconf 88' lang='lat'>11,</span> 
     </span>
    </p>
   </div>
   <div class='ocr_carea' id='block_1_7' title="bbox 186 1407 1183 1712">
    <p class='ocr_par' dir='ltr' id='par_1_7' title="bbox 186 1407 1183 1712">
     <span class='ocr_line' id='line_1_9' title="bbox 186 1407 1183 1494; baseline 0.005 -22"><span class='ocrx_word' id='word_1_65' title='bbox 186 1432 218 1494; x_wconf 89' lang='lat' dir='ltr'>p.</span> <span class='ocrx_word' id='word_1_66' title='bbox 237 1409 307 1473; x_wconf 76' lang='lat'>20..</span> <span class='ocrx_word' id='word_1_67' title='bbox 332 1409 466 1490; x_wconf 84' lang='lat' dir='ltr'>Accedit</span> <span class='ocrx_word' id='word_1_68' title='bbox 497 1408 588 1472; x_wconf 84' lang='lat' dir='ltr'>etiam</span> <span class='ocrx_word' id='word_1_69' title='bbox 619 1407 772 1491; x_wconf 82' lang='lat' dir='ltr'>scribendi</span> <span class='ocrx_word' id='word_1_70' title='bbox 800 1411 874 1472; x_wconf 84' lang='lat' dir='ltr'>ratio</span> <span class='ocrx_word' id='word_1_71' title='bbox 897 1413 930 1472; x_wconf 87' lang='lat' dir='ltr'>in</span> <span class='ocrx_word' id='word_1_72' title='bbox 956 1410 1109 1478; x_wconf 88' lang='lat' dir='ltr'>veteribus</span> <span class='ocrx_word' id='word_1_73' title='bbox 1181 1443 1183 1448; x_wconf 95' lang='lat'>·</span> 
     </span>
     <span class='ocr_line' id='line_1_10' title="bbox 186 1505 1110 1601; baseline 0.002 -25"><span class='ocrx_word' id='word_1_74' title='bbox 186 1514 406 1587; x_wconf 79' lang='lat' dir='ltr'>monumentis,</span> <span class='ocrx_word' id='word_1_75' title='bbox 435 1514 525 1576; x_wconf 89' lang='lat' dir='ltr'>utin</span> <span class='ocrx_word' id='word_1_76' title='bbox 544 1513 641 1578; x_wconf 86' lang='lat' dir='ltr'>Inscr.</span> <span class='ocrx_word' id='word_1_77' title='bbox 665 1516 772 1601; x_wconf 83' lang='lat' dir='ltr'>Sigea,</span> <span class='ocrx_word' id='word_1_78' title='bbox 798 1520 876 1599; x_wconf 77' lang='lat' dir='ltr'>quae</span> <span class='ocrx_word' id='word_1_79' title='bbox 896 1505 1017 1598; x_wconf 77' lang='grc' dir='ltr'>κάγώ,</span> <span class='ocrx_word' id='word_1_80' title='bbox 1045 1507 1110 1578; x_wconf 84' lang='lat' dir='ltr'>uci-</span> 
     </span>
     <span class='ocr_line' id='line_1_11' title="bbox 186 1617 1110 1712; baseline 0.008 -31"><span class='ocrx_word' id='word_1_81' title='bbox 186 1617 362 1682; x_wconf 76' lang='lat' dir='ltr'>m&#39;orarov</span> <span class='ocrx_word' id='word_1_82' title='bbox 400 1618 510 1684; x_wconf 79' lang='lat' dir='ltr'>similia</span> <span class='ocrx_word' id='word_1_83' title='bbox 542 1618 683 1704; x_wconf 84' lang='lat' dir='ltr'>praebet,</span> <span class='ocrx_word' id='word_1_84' title='bbox 717 1635 748 1682; x_wconf 86' lang='lat' dir='ltr'>er</span> <span class='ocrx_word' id='word_1_85' title='bbox 776 1621 858 1704; x_wconf 82' lang='lat' dir='ltr'>apud</span> <span class='ocrx_word' id='word_1_86' title='bbox 889 1618 1046 1712; x_wconf 78' lang='lat' dir='ltr'>Osannum</span> <span class='ocrx_word' id='word_1_87' title='bbox 1076 1625 1110 1693; x_wconf 90' lang='lat' dir='ltr'>in</span> 
     </span>
    </p>
   </div>
   <div class='ocr_carea' id='block_1_8' title="bbox 78 1723 1150 1813">
    <p class='ocr_par' dir='ltr' id='par_1_8' title="bbox 78 1723 1150 1813">
     <span class='ocr_line' id='line_1_12' title="bbox 78 1723 1150 1813; baseline 0.009 -28"><span class='ocrx_word' id='word_1_88' title='bbox 78 1771 80 1774; x_wconf 83' lang='lat'>-</span> <span class='ocrx_word' id='word_1_89' title='bbox 187 1725 303 1813; x_wconf 81' lang='lat' dir='ltr'>Syllog.</span> <span class='ocrx_word' id='word_1_90' title='bbox 318 1725 469 1812; x_wconf 87' lang='lat' dir='ltr'>Inso&#39;riptt.</span> <span class='ocrx_word' id='word_1_91' title='bbox 492 1724 519 1799; x_wconf 93' lang='grc' dir='ltr'>Ι,</span> <span class='ocrx_word' id='word_1_92' title='bbox 540 1747 570 1808; x_wconf 91' lang='lat' dir='ltr'>p.</span> <span class='ocrx_word' id='word_1_93' title='bbox 584 1723 659 1801; x_wconf 86' lang='grc'>127,</span> <span class='ocrx_word' id='word_1_94' title='bbox 679 1727 731 1810; x_wconf 90' lang='lat' dir='ltr'>qui</span> <span class='ocrx_word' id='word_1_95' title='bbox 752 1728 868 1810; x_wconf 88' lang='lat' dir='ltr'>etipse</span> <span class='ocrx_word' id='word_1_96' title='bbox 890 1729 958 1790; x_wconf 88' lang='lat' dir='ltr'>iure</span> <span class='ocrx_word' id='word_1_97' title='bbox 977 1730 1111 1794; x_wconf 85' lang='lat' dir='ltr'>maximo</span> <span class='ocrx_word' id='word_1_98' title='bbox 1146 1763 1150 1770; x_wconf 94' lang='lat'><em>·</em></span> 
     </span>
    </p>
   </div>
   <div class='ocr_carea' id='block_1_9' title="bbox 186 1819 1110 1914">
    <p class='ocr_par' dir='ltr' id='par_1_9' title="bbox 186 1819 1110 1914">
     <span class='ocr_line' id='line_1_13' title="bbox 186 1819 1110 1914; baseline 0.008 -22"><span class='ocrx_word' id='word_1_99' title='bbox 186 1831 380 1914; x_wconf 79' lang='lat' dir='ltr'>reprehendit</span> <span class='ocrx_word' id='word_1_100' title='bbox 416 1829 650 1895; x_wconf 85' lang='lat' dir='ltr'>Schneiderum.</span> <span class='ocrx_word' id='word_1_101' title='bbox 708 1830 793 1896; x_wconf 84' lang='lat' dir='ltr'>Add.</span> <span class='ocrx_word' id='word_1_102' title='bbox 828 1819 964 1904; x_wconf 74' lang='lat' dir='ltr'>Francli.</span> <span class='ocrx_word' id='word_1_103' title='bbox 991 1835 1030 1898; x_wconf 87' lang='lat' dir='ltr'>ad</span> <span class='ocrx_word' id='word_1_104' title='bbox 1059 1835 1110 1898; x_wconf 82' lang='lat' dir='ltr'>In·</span> 
     </span>
    </p>
   </div>
   <div class='ocr_carea' id='block_1_10' title="bbox 185 1934 1226 2026">
    <p class='ocr_par' dir='ltr' id='par_1_10' title="bbox 185 1934 1226 2026">
     <span class='ocr_line' id='line_1_14' title="bbox 185 1934 1226 2026; baseline 0.003 -29"><span class='ocrx_word' id='word_1_105' title='bbox 185 1938 297 2019; x_wconf 80' lang='lat' dir='ltr'>scriptt.</span> <span class='ocrx_word' id='word_1_106' title='bbox 320 1934 456 1999; x_wconf 76' lang='lat' dir='ltr'>Richter.</span> <span class='ocrx_word' id='word_1_107' title='bbox 479 1935 506 2012; x_wconf 98' lang='grc' dir='ltr'>Ι,</span> <span class='ocrx_word' id='word_1_108' title='bbox 527 1935 613 2014; x_wconf 90' lang='grc'>8,1.</span> <span class='ocrx_word' id='word_1_109' title='bbox 655 1935 735 2000; x_wconf 83' lang='grc' dir='ltr'>Νοιιι</span> <span class='ocrx_word' id='word_1_110' title='bbox 756 1960 850 2022; x_wconf 84' lang='lat' dir='ltr'>qnam</span> <span class='ocrx_word' id='word_1_111' title='bbox 871 1958 884 2000; x_wconf 84' lang='lat' dir='ltr'>a</span> <span class='ocrx_word' id='word_1_112' title='bbox 906 1961 969 2000; x_wconf 91' lang='grc' dir='ltr'>ιιοιι</span> <span class='ocrx_word' id='word_1_113' title='bbox 987 1945 1044 2026; x_wconf 80' lang='lat' dir='ltr'>pro</span> <span class='ocrx_word' id='word_1_114' title='bbox 1064 1940 1110 2000; x_wconf 82' lang='lat' dir='ltr'>in·</span> <span class='ocrx_word' id='word_1_115' title='bbox 1223 1975 1226 1984; x_wconf 52' lang='grc' dir='ltr'>ι</span> 
     </span>
    </p>
   </div>
   <div class='ocr_carea' id='block_1_11' title="bbox 88 2038 1186 3074">
    <p class='ocr_par' dir='ltr' id='par_1_11' title="bbox 88 2038 1149 2544">
     <span class='ocr_line' id='line_1_15' title="bbox 184 2038 1110 2130; baseline 0.009 -26"><span class='ocrx_word' id='word_1_116' title='bbox 184 2057 267 2126; x_wconf 63' lang='lat' dir='ltr'>tegra</span> <span class='ocrx_word' id='word_1_117' title='bbox 288 2038 405 2130; x_wconf 78' lang='lat' dir='ltr'>syllaba</span> <span class='ocrx_word' id='word_1_118' title='bbox 422 2039 593 2115; x_wconf 75' lang='lat' dir='ltr'>haberetur,</span> <span class='ocrx_word' id='word_1_119' title='bbox 614 2061 725 2124; x_wconf 81' lang='lat' dir='ltr'>operae</span> <span class='ocrx_word' id='word_1_120' title='bbox 748 2064 870 2124; x_wconf 87' lang='lat' dir='ltr'>prorsus</span> <span class='ocrx_word' id='word_1_121' title='bbox 890 2045 1028 2106; x_wconf 87' lang='lat' dir='ltr'>omittere</span> <span class='ocrx_word' id='word_1_122' title='bbox 1048 2039 1110 2112; x_wconf 80' lang='lat' dir='ltr'>nou</span> 
     </span>
     <span class='ocr_line' id='line_1_16' title="bbox 185 2146 1109 2231; baseline 0 -21"><span class='ocrx_word' id='word_1_123' title='bbox 185 2147 358 2210; x_wconf 85' lang='lat' dir='ltr'>dubitabant</span> <span class='ocrx_word' id='word_1_124' title='bbox 378 2149 457 2210; x_wconf 86' lang='lat' dir='ltr'>hano</span> <span class='ocrx_word' id='word_1_125' title='bbox 477 2146 623 2220; x_wconf 84' lang='lat' dir='ltr'>litteram,</span> <span class='ocrx_word' id='word_1_126' title='bbox 642 2147 729 2211; x_wconf 88' lang='lat' dir='ltr'>ouius</span> <span class='ocrx_word' id='word_1_127' title='bbox 750 2149 876 2230; x_wconf 72' lang='lat' dir='ltr'>uestigia</span> <span class='ocrx_word' id='word_1_128' title='bbox 899 2162 1022 2230; x_wconf 89' lang='lat' dir='ltr'>propter</span> <span class='ocrx_word' id='word_1_129' title='bbox 1040 2172 1109 2231; x_wconf 79' lang='lat' dir='ltr'>pro·</span> 
     </span>
     <span class='ocr_line' id='line_1_17' title="bbox 185 2247 1149 2335; baseline 0.001 -21"><span class='ocrx_word' id='word_1_130' title='bbox 185 2253 385 2316; x_wconf 82' lang='lat' dir='ltr'>nunciatiouis</span> <span class='ocrx_word' id='word_1_131' title='bbox 411 2252 586 2314; x_wconf 84' lang='lat' dir='ltr'>tenuitatem</span> <span class='ocrx_word' id='word_1_132' title='bbox 612 2249 768 2335; x_wconf 79' lang='lat' dir='ltr'>paullatim</span> <span class='ocrx_word' id='word_1_133' title='bbox 796 2250 940 2314; x_wconf 73' lang='lat' dir='ltr'>ehstinota</span> <span class='ocrx_word' id='word_1_134' title='bbox 965 2275 1032 2315; x_wconf 86' lang='lat' dir='ltr'>esse</span> <span class='ocrx_word' id='word_1_135' title='bbox 1063 2256 1108 2324; x_wconf 86' lang='lat' dir='ltr'>vi·</span> <span class='ocrx_word' id='word_1_136' title='bbox 1144 2247 1149 2254; x_wconf 52' lang='lat'><strong>⁴</strong></span> 
     </span>
     <span class='ocr_line' id='line_1_18' title="bbox 185 2353 1107 2442; baseline 0 -23"><span class='ocrx_word' id='word_1_137' title='bbox 185 2359 302 2420; x_wconf 83' lang='lat' dir='ltr'>dentur.</span> <span class='ocrx_word' id='word_1_138' title='bbox 325 2357 365 2420; x_wconf 88' lang='lat' dir='ltr'>V.</span> <span class='ocrx_word' id='word_1_139' title='bbox 377 2357 471 2420; x_wconf 81' lang='lat' dir='ltr'>Wolf</span> <span class='ocrx_word' id='word_1_140' title='bbox 487 2353 590 2418; x_wconf 87' lang='lat' dir='ltr'>Anall.</span> <span class='ocrx_word' id='word_1_141' title='bbox 605 2354 633 2430; x_wconf 94' lang='grc' dir='ltr'>Ι,</span> <span class='ocrx_word' id='word_1_142' title='bbox 652 2355 689 2418; x_wconf 91' lang='lat' dir='ltr'>P.</span> <span class='ocrx_word' id='word_1_143' title='bbox 709 2355 751 2430; x_wconf 91' lang='grc' dir='ltr'>ΙΙ,</span> <span class='ocrx_word' id='word_1_144' title='bbox 774 2378 805 2438; x_wconf 89' lang='lat' dir='ltr'>p.</span> <span class='ocrx_word' id='word_1_145' title='bbox 828 2354 902 2434; x_wconf 86' lang='grc'>422,</span> <span class='ocrx_word' id='word_1_146' title='bbox 924 2353 975 2418; x_wconf 91' lang='lat' dir='ltr'>De</span> <span class='ocrx_word' id='word_1_147' title='bbox 997 2379 1107 2442; x_wconf 82' lang='lat' dir='ltr'>magno</span> 
     </span>
     <span class='ocr_line' id='line_1_19' title="bbox 88 2437 1107 2544; baseline 0.002 -18"><span class='ocrx_word' id='word_1_148' title='bbox 88 2447 92 2461; x_wconf 53' lang='lat'><em>¹</em></span> <span class='ocrx_word' id='word_1_149' title='bbox 183 2461 284 2528; x_wconf 88' lang='lat' dir='ltr'><strong>MSS.</strong></span> <span class='ocrx_word' id='word_1_150' title='bbox 300 2437 459 2536; x_wconf 84' lang='lat' dir='ltr'>librorum,</span> <span class='ocrx_word' id='word_1_151' title='bbox 469 2462 665 2526; x_wconf 86' lang='lat' dir='ltr'>vetustiorum</span> <span class='ocrx_word' id='word_1_152' title='bbox 680 2463 843 2544; x_wconf 82' lang='lat' dir='ltr'>imprimis,</span> <span class='ocrx_word' id='word_1_153' title='bbox 851 2475 1011 2539; x_wconf 89' lang='lat' dir='ltr'>consensu,</span> <span class='ocrx_word' id='word_1_154' title='bbox 1019 2455 1107 2544; x_wconf 74' lang='grc' dir='ltr'>κᾶν,</span> 
     </span>
    </p>

    <p class='ocr_par' dir='ltr' id='par_1_12' title="bbox 132 2557 1186 3074">
     <span class='ocr_line' id='line_1_20' title="bbox 132 2557 1108 2646; baseline -0.004 -10"><span class='ocrx_word' id='word_1_155' title='bbox 132 2629 134 2636; x_wconf 81' lang='grc'>,</span> <span class='ocrx_word' id='word_1_156' title='bbox 184 2561 351 2646; x_wconf 72' lang='grc' dir='ltr'>κᾶπειτα,</span> <span class='ocrx_word' id='word_1_157' title='bbox 372 2567 497 2640; x_wconf 87' lang='lat' dir='ltr'>similia,</span> <span class='ocrx_word' id='word_1_158' title='bbox 530 2567 596 2630; x_wconf 90' lang='lat' dir='ltr'>sine</span> <span class='ocrx_word' id='word_1_159' title='bbox 622 2588 636 2630; x_wconf 85' lang='lat' dir='ltr'>a</span> <span class='ocrx_word' id='word_1_160' title='bbox 663 2566 830 2630; x_wconf 89' lang='lat' dir='ltr'>exhibendi</span> <span class='ocrx_word' id='word_1_161' title='bbox 856 2569 898 2630; x_wconf 82' lang='lat' dir='ltr'>of.</span> <span class='ocrx_word' id='word_1_162' title='bbox 920 2557 1108 2634; x_wconf 75' lang='lat' dir='ltr'>Porsenna</span> 
     </span>
     <span class='ocr_line' id='line_1_21' title="bbox 183 2671 1108 2759; baseline 0.001 -22"><span class='ocrx_word' id='word_1_163' title='bbox 183 2677 305 2757; x_wconf 82' lang='lat' dir='ltr'>praelat.</span> <span class='ocrx_word' id='word_1_164' title='bbox 328 2674 366 2736; x_wconf 85' lang='lat' dir='ltr'>ad</span> <span class='ocrx_word' id='word_1_165' title='bbox 386 2673 461 2735; x_wconf 86' lang='lat' dir='ltr'>Eur.</span> <span class='ocrx_word' id='word_1_166' title='bbox 482 2671 603 2736; x_wconf 88' lang='lat' dir='ltr'>Hecub.</span> <span class='ocrx_word' id='word_1_167' title='bbox 624 2698 655 2758; x_wconf 91' lang='lat' dir='ltr'>p.</span> <span class='ocrx_word' id='word_1_168' title='bbox 677 2673 713 2748; x_wconf 84' lang='grc'>5,</span> <span class='ocrx_word' id='word_1_169' title='bbox 735 2672 772 2748; x_wconf 87' lang='grc'>6,</span> <span class='ocrx_word' id='word_1_170' title='bbox 793 2689 823 2736; x_wconf 89' lang='lat' dir='ltr'>et</span> <span class='ocrx_word' id='word_1_171' title='bbox 842 2673 884 2736; x_wconf 85' lang='grc'>18</span> <span class='ocrx_word' id='word_1_172' title='bbox 905 2674 952 2734; x_wconf 90' lang='lat' dir='ltr'>ed.</span> <span class='ocrx_word' id='word_1_173' title='bbox 974 2673 1056 2759; x_wconf 78' lang='lat' dir='ltr'>Lips.</span> <span class='ocrx_word' id='word_1_174' title='bbox 1078 2691 1108 2738; x_wconf 87' lang='lat' dir='ltr'>et</span> 
     </span>
     <span class='ocr_line' id='line_1_22' title="bbox 183 2775 1186 2866; baseline 0.001 -25"><span class='ocrx_word' id='word_1_175' title='bbox 183 2779 339 2842; x_wconf 88' lang='lat' dir='ltr'>Iacobs.</span> <span class='ocrx_word' id='word_1_176' title='bbox 331 2802 363 2839; x_wconf 91' lang='grc' dir='ltr'>ιιι</span> <span class='ocrx_word' id='word_1_177' title='bbox 383 2779 478 2861; x_wconf 80' lang='lat' dir='ltr'>praef.</span> <span class='ocrx_word' id='word_1_178' title='bbox 499 2779 537 2840; x_wconf 88' lang='lat' dir='ltr'>ad</span> <span class='ocrx_word' id='word_1_179' title='bbox 555 2775 677 2841; x_wconf 81' lang='lat' dir='ltr'>Authol.</span> <span class='ocrx_word' id='word_1_180' title='bbox 701 2776 793 2842; x_wconf 86' lang='lat' dir='ltr'>Palat.</span> <span class='ocrx_word' id='word_1_181' title='bbox 812 2802 850 2866; x_wconf 93' lang='lat' dir='ltr'>p</span> <span class='ocrx_word' id='word_1_182' title='bbox 876 2777 928 2842; x_wconf 88' lang='grc'>29.</span> <span class='ocrx_word' id='word_1_183' title='bbox 970 2778 1022 2842; x_wconf 86' lang='lat' dir='ltr'>De</span> <span class='ocrx_word' id='word_1_184' title='bbox 1043 2801 1107 2843; x_wconf 87' lang='lat' dir='ltr'>cra·</span> <span class='ocrx_word' id='word_1_185' title='bbox 1181 2856 1186 2866; x_wconf 34' lang='grc' dir='ltr'><strong><em>Ι</em></strong></span> 
     </span>
     <span class='ocr_line' id='line_1_23' title="bbox 142 2875 1106 2968; baseline -0.001 -22"><span class='ocrx_word' id='word_1_186' title='bbox 142 2949 144 2954; x_wconf 66' lang='grc'>,</span> <span class='ocrx_word' id='word_1_187' title='bbox 183 2885 264 2948; x_wconf 84' lang='lat' dir='ltr'>sibus</span> <span class='ocrx_word' id='word_1_188' title='bbox 285 2875 345 2964; x_wconf 81' lang='grc' dir='ltr'>χόι</span> <span class='ocrx_word' id='word_1_189' title='bbox 365 2885 430 2946; x_wconf 86' lang='lat' dir='ltr'>sive</span> <span class='ocrx_word' id='word_1_190' title='bbox 451 2882 529 2964; x_wconf 76' lang='grc' dir='ltr'>χοί,</span> <span class='ocrx_word' id='word_1_191' title='bbox 550 2883 670 2965; x_wconf 78' lang='grc' dir='ltr'>χοῖον,</span> <span class='ocrx_word' id='word_1_192' title='bbox 690 2877 855 2964; x_wconf 74' lang='grc' dir='ltr'>χώποῖος,</span> <span class='ocrx_word' id='word_1_193' title='bbox 878 2901 908 2945; x_wconf 90' lang='lat' dir='ltr'>ut</span> <span class='ocrx_word' id='word_1_194' title='bbox 926 2900 1009 2968; x_wconf 83' lang='lat' dir='ltr'>recte</span> <span class='ocrx_word' id='word_1_195' title='bbox 1029 2883 1106 2946; x_wconf 82' lang='lat' dir='ltr'>Din-</span> 
     </span>
     <span class='ocr_line' id='line_1_24' title="bbox 182 2977 1106 3074; baseline 0 -24"><span class='ocrx_word' id='word_1_196' title='bbox 182 2990 258 3050; x_wconf 85' lang='lat' dir='ltr'>dorf</span> <span class='ocrx_word' id='word_1_197' title='bbox 238 2993 319 3051; x_wconf 87' lang='lat' dir='ltr'>fet</span> <span class='ocrx_word' id='word_1_198' title='bbox 338 2987 493 3074; x_wconf 83' lang='lat' dir='ltr'>Reisig.&#39;</span> <span class='ocrx_word' id='word_1_199' title='bbox 485 3013 517 3050; x_wconf 89' lang='grc' dir='ltr'>ιιι</span> <span class='ocrx_word' id='word_1_200' title='bbox 539 2988 694 3070; x_wconf 88' lang='lat' dir='ltr'>Aristoph.</span> <span class='ocrx_word' id='word_1_201' title='bbox 723 2977 873 3072; x_wconf 80' lang='lat' dir='ltr'>scribunt,</span> <span class='ocrx_word' id='word_1_202' title='bbox 903 3012 932 3050; x_wconf 86' lang='lat' dir='ltr'>v.</span> <span class='ocrx_word' id='word_1_203' title='bbox 960 2979 1106 3058; x_wconf 70' lang='lat' dir='ltr'>Meinelr.</span> 
     </span>
    </p>
   </div>
   <div class='ocr_carea' id='block_1_12' title="bbox 180 3091 1106 3709">
    <p class='ocr_par' dir='ltr' id='par_1_13' title="bbox 180 3091 1106 3709">
     <span class='ocr_line' id='line_1_25' title="bbox 182 3091 1106 3178; baseline 0.001 -22"><span class='ocrx_word' id='word_1_204' title='bbox 182 3097 219 3156; x_wconf 89' lang='lat' dir='ltr'>ad</span> <span class='ocrx_word' id='word_1_205' title='bbox 239 3094 412 3157; x_wconf 85' lang='lat' dir='ltr'>Menandr.</span> <span class='ocrx_word' id='word_1_206' title='bbox 434 3117 464 3177; x_wconf 92' lang='lat' dir='ltr'>p.</span> <span class='ocrx_word' id='word_1_207' title='bbox 487 3093 567 3174; x_wconf 75' lang='grc'>358;</span> <span class='ocrx_word' id='word_1_208' title='bbox 587 3093 701 3156; x_wconf 81' lang='lat' dir='ltr'>Buttm.</span> <span class='ocrx_word' id='word_1_209' title='bbox 722 3118 768 3176; x_wconf 83' lang='lat' dir='ltr'>gr.</span> <span class='ocrx_word' id='word_1_210' title='bbox 792 3118 838 3178; x_wconf 81' lang='lat' dir='ltr'>gr.</span> <span class='ocrx_word' id='word_1_211' title='bbox 863 3098 887 3170; x_wconf 64' lang='grc' dir='ltr'>Ι.</span> <span class='ocrx_word' id='word_1_212' title='bbox 908 3091 960 3170; x_wconf 87' lang='grc'>29,</span> <span class='ocrx_word' id='word_1_213' title='bbox 982 3111 1042 3156; x_wconf 82' lang='grc' dir='ltr'>ιιοῐ.</span> <span class='ocrx_word' id='word_1_214' title='bbox 1065 3097 1106 3157; x_wconf 89' lang='grc'>18</span> 
     </span>
     <span class='ocr_line' id='line_1_26' title="bbox 183 3196 1104 3284; baseline 0.002 -22"><span class='ocrx_word' id='word_1_215' title='bbox 183 3223 210 3262; x_wconf 84' lang='lat' dir='ltr'>c.</span> <span class='ocrx_word' id='word_1_216' title='bbox 232 3202 331 3273; x_wconf 40' lang='lat' dir='ltr'>Aaou</span> <span class='ocrx_word' id='word_1_217' title='bbox 354 3201 511 3261; x_wconf 86' lang='lat' dir='ltr'>Thiersch.</span> <span class='ocrx_word' id='word_1_218' title='bbox 537 3222 582 3284; x_wconf 83' lang='lat' dir='ltr'>gr.</span> <span class='ocrx_word' id='word_1_219' title='bbox 606 3223 652 3284; x_wconf 80' lang='lat' dir='ltr'>gr.</span> <span class='ocrx_word' id='word_1_220' title='bbox 682 3203 707 3276; x_wconf 83' lang='lat'>§.</span> <span class='ocrx_word' id='word_1_221' title='bbox 728 3196 810 3272; x_wconf 81' lang='grc'>243,</span> <span class='ocrx_word' id='word_1_222' title='bbox 832 3199 892 3271; x_wconf 82' lang='grc'>22,</span> <span class='ocrx_word' id='word_1_223' title='bbox 914 3199 974 3274; x_wconf 83' lang='grc'>26;</span> <span class='ocrx_word' id='word_1_224' title='bbox 996 3201 1104 3264; x_wconf 88' lang='lat' dir='ltr'>Elmsl.</span> 
     </span>
     <span class='ocr_line' id='line_1_27' title="bbox 182 3303 1104 3393; baseline 0.002 -27"><span class='ocrx_word' id='word_1_225' title='bbox 182 3307 219 3366; x_wconf 89' lang='lat' dir='ltr'>ad</span> <span class='ocrx_word' id='word_1_226' title='bbox 241 3307 315 3392; x_wconf 82' lang='lat' dir='ltr'>Eur.</span> <span class='ocrx_word' id='word_1_227' title='bbox 343 3305 435 3368; x_wconf 88' lang='lat' dir='ltr'>Med.</span> <span class='ocrx_word' id='word_1_228' title='bbox 458 3303 530 3367; x_wconf 87' lang='grc'>562.</span> <span class='ocrx_word' id='word_1_229' title='bbox 576 3303 703 3366; x_wconf 81' lang='lat' dir='ltr'>Martia.</span> <span class='ocrx_word' id='word_1_230' title='bbox 733 3306 766 3366; x_wconf 91' lang='lat' dir='ltr'>in</span> <span class='ocrx_word' id='word_1_231' title='bbox 792 3305 910 3393; x_wconf 83' lang='lat' dir='ltr'>Syllog.</span> <span class='ocrx_word' id='word_1_232' title='bbox 937 3329 989 3370; x_wconf 83' lang='lat' dir='ltr'>vv.</span> <span class='ocrx_word' id='word_1_233' title='bbox 1012 3307 1045 3368; x_wconf 92' lang='lat' dir='ltr'>ll.</span> <span class='ocrx_word' id='word_1_234' title='bbox 1067 3308 1104 3369; x_wconf 84' lang='lat' dir='ltr'>ad</span> 
     </span>
     <span class='ocr_line' id='line_1_28' title="bbox 182 3408 1104 3496; baseline 0.004 -26"><span class='ocrx_word' id='word_1_235' title='bbox 182 3411 274 3494; x_wconf 81' lang='lat' dir='ltr'>Soph.</span> <span class='ocrx_word' id='word_1_236' title='bbox 299 3415 402 3496; x_wconf 83' lang='lat' dir='ltr'>Antig.</span> <span class='ocrx_word' id='word_1_237' title='bbox 425 3409 509 3486; x_wconf 69' lang='grc'>542,</span> <span class='ocrx_word' id='word_1_238' title='bbox 552 3408 666 3472; x_wconf 87' lang='lat' dir='ltr'>Monk.</span> <span class='ocrx_word' id='word_1_239' title='bbox 696 3410 732 3473; x_wconf 87' lang='lat' dir='ltr'>ad</span> <span class='ocrx_word' id='word_1_240' title='bbox 756 3411 831 3474; x_wconf 87' lang='lat' dir='ltr'>Eur.</span> <span class='ocrx_word' id='word_1_241' title='bbox 852 3411 976 3494; x_wconf 88' lang='lat' dir='ltr'>Hippol.</span> <span class='ocrx_word' id='word_1_242' title='bbox 1005 3409 1104 3487; x_wconf 84' lang='grc'>1445;</span> 
     </span>
     <span class='ocr_line' id='line_1_29' title="bbox 180 3513 1106 3605; baseline 0 -27"><span class='ocrx_word' id='word_1_243' title='bbox 180 3515 296 3602; x_wconf 82' lang='lat' dir='ltr'>Reisig.</span> <span class='ocrx_word' id='word_1_244' title='bbox 320 3518 480 3605; x_wconf 84' lang='lat' dir='ltr'>Syntagm.</span> <span class='ocrx_word' id='word_1_245' title='bbox 500 3541 531 3600; x_wconf 92' lang='lat' dir='ltr'>p.</span> <span class='ocrx_word' id='word_1_246' title='bbox 554 3516 596 3579; x_wconf 86' lang='lat'>30</span> <span class='ocrx_word' id='word_1_247' title='bbox 617 3539 660 3601; x_wconf 91' lang='lat' dir='ltr'>sq.</span> <span class='ocrx_word' id='word_1_248' title='bbox 682 3513 830 3580; x_wconf 84' lang='lat' dir='ltr'>Valcken.</span> <span class='ocrx_word' id='word_1_249' title='bbox 854 3519 891 3578; x_wconf 85' lang='lat' dir='ltr'>ad</span> <span class='ocrx_word' id='word_1_250' title='bbox 913 3516 1027 3578; x_wconf 87' lang='lat' dir='ltr'>Phoen.</span> <span class='ocrx_word' id='word_1_251' title='bbox 1041 3516 1106 3578; x_wconf 87' lang='grc'>577</span> 
     </span>
     <span class='ocr_line' id='line_1_30' title="bbox 181 3619 1104 3709; baseline 0.001 -24"><span class='ocrx_word' id='word_1_252' title='bbox 181 3639 210 3685; x_wconf 85' lang='lat' dir='ltr'>et</span> <span class='ocrx_word' id='word_1_253' title='bbox 230 3623 356 3706; x_wconf 92' lang='lat' dir='ltr'>Hippol.</span> <span class='ocrx_word' id='word_1_254' title='bbox 382 3620 459 3686; x_wconf 85' lang='grc'>914.</span> <span class='ocrx_word' id='word_1_255' title='bbox 506 3621 594 3686; x_wconf 87' lang='lat' dir='ltr'>Voss.</span> <span class='ocrx_word' id='word_1_256' title='bbox 621 3622 653 3683; x_wconf 93' lang='lat' dir='ltr'>in</span> <span class='ocrx_word' id='word_1_257' title='bbox 679 3621 795 3709; x_wconf 89' lang='lat' dir='ltr'>Hymn.</span> <span class='ocrx_word' id='word_1_258' title='bbox 823 3623 855 3684; x_wconf 91' lang='lat' dir='ltr'>in</span> <span class='ocrx_word' id='word_1_259' title='bbox 877 3619 959 3684; x_wconf 66' lang='lat' dir='ltr'>Cer.</span> <span class='ocrx_word' id='word_1_260' title='bbox 978 3643 1009 3684; x_wconf 84' lang='lat' dir='ltr'>v.</span> <span class='ocrx_word' id='word_1_261' title='bbox 1029 3620 1104 3698; x_wconf 67' lang='lat'>227„</span> 
     </span>
    </p>
   </div>
   <div class='ocr_carea' id='block_1_13' title="bbox 180 3725 1196 3812">
    <p class='ocr_par' dir='ltr' id='par_1_14' title="bbox 180 3725 1196 3812">
     <span class='ocr_line' id='line_1_31' title="bbox 180 3725 1196 3812; baseline 0 -22"><span class='ocrx_word' id='word_1_262' title='bbox 180 3728 245 3790; x_wconf 86' lang='lat' dir='ltr'>Iam</span> <span class='ocrx_word' id='word_1_263' title='bbox 282 3729 321 3790; x_wconf 90' lang='lat' dir='ltr'>de</span> <span class='ocrx_word' id='word_1_264' title='bbox 351 3730 479 3804; x_wconf 81' lang='lat' dir='ltr'>ceteris,</span> <span class='ocrx_word' id='word_1_265' title='bbox 515 3729 646 3792; x_wconf 87' lang='lat' dir='ltr'>maxime</span> <span class='ocrx_word' id='word_1_266' title='bbox 679 3726 777 3798; x_wconf 82' lang='lat' dir='ltr'>dubiis</span> <span class='ocrx_word' id='word_1_267' title='bbox 817 3726 934 3788; x_wconf 81' lang='lat' dir='ltr'>articuli</span> <span class='ocrx_word' id='word_1_268' title='bbox 971 3725 1104 3812; x_wconf 78' lang='lat' dir='ltr'>orasibus</span> <span class='ocrx_word' id='word_1_269' title='bbox 1194 3803 1196 3811; x_wconf 59' lang='lat'>.</span> 
     </span>
    </p>
   </div>
   <div class='ocr_carea' id='block_1_14' title="bbox 179 3825 1105 4022">
    <p class='ocr_par' dir='ltr' id='par_1_15' title="bbox 179 3825 1105 4022">
     <span class='ocr_line' id='line_1_32' title="bbox 179 3825 1104 3916; baseline 0 -22"><span class='ocrx_word' id='word_1_270' title='bbox 179 3825 275 3916; x_wconf 77' lang='lat' dir='ltr'>pausa</span> <span class='ocrx_word' id='word_1_271' title='bbox 297 3835 464 3904; x_wconf 79' lang='lat' dir='ltr'>adiicienda</span> <span class='ocrx_word' id='word_1_272' title='bbox 479 3849 557 3911; x_wconf 86' lang='lat' dir='ltr'>sunt,</span> <span class='ocrx_word' id='word_1_273' title='bbox 579 3855 651 3916; x_wconf 85' lang='lat' dir='ltr'>quas</span> <span class='ocrx_word' id='word_1_274' title='bbox 670 3833 747 3894; x_wconf 89' lang='lat' dir='ltr'>inter</span> <span class='ocrx_word' id='word_1_275' title='bbox 765 3830 906 3894; x_wconf 87' lang='lat' dir='ltr'>elisiones</span> <span class='ocrx_word' id='word_1_276' title='bbox 925 3853 1104 3894; x_wconf 86' lang='lat' dir='ltr'>enumerare</span> 
     </span>
     <span class='ocr_line' id='line_1_33' title="bbox 179 3935 1105 4022; baseline 0.001 -21"><span class='ocrx_word' id='word_1_277' title='bbox 179 3940 284 4010; x_wconf 82' lang='lat' dir='ltr'>maluit</span> <span class='ocrx_word' id='word_1_278' title='bbox 305 3941 509 4007; x_wconf 86' lang='lat' dir='ltr'>Schneiderus</span> <span class='ocrx_word' id='word_1_279' title='bbox 539 3960 568 4022; x_wconf 90' lang='lat' dir='ltr'>p.</span> <span class='ocrx_word' id='word_1_280' title='bbox 591 3939 634 4000; x_wconf 78' lang='lat'>30</span> <span class='ocrx_word' id='word_1_281' title='bbox 654 3961 699 4021; x_wconf 86' lang='lat' dir='ltr'>sq.</span> <span class='ocrx_word' id='word_1_282' title='bbox 743 3935 802 3998; x_wconf 89' lang='lat' dir='ltr'>Per</span> <span class='ocrx_word' id='word_1_283' title='bbox 824 3937 923 4007; x_wconf 83' lang='lat' dir='ltr'>orasin</span> <span class='ocrx_word' id='word_1_284' title='bbox 944 3935 1105 4014; x_wconf 70' lang='lat' dir='ltr'>seribeuda</span> 
     </span>
    </p>
   </div>
   <div class='ocr_carea' id='block_1_15' title="bbox 0 0 1368 4652">
    <p class='ocr_par' dir='ltr' id='par_1_16' title="bbox 0 0 1368 4652">
     <span class='ocr_line' id='line_1_34' title="bbox 0 0 1368 4652; baseline 0 2"><span class='ocrx_word' id='word_1_285' title='bbox 0 0 1368 4652; x_wconf 95' lang='lat' dir='ltr'> </span> 
     </span>
    </p>
   </div>
  </div>
 </body>
</html>
