2720 4650
230 421 281 469 ¹11

234 607 440 710 §§.1oa-
456 607 538 679 roo.
563 565 645 679 1'17.
673 607 744 678 aar
768 607 862 700 quoe
885 600 1012 702 §.roc
1034 595 1157 700 pon-⁸
1265 684 1269 692 ,

140 860 143 866 ‚
181 801 183 808 ¹
236 768 384 855 labatur,
408 775 446 834 nt
469 786 584 834 omnes
603 763 743 836 Ordinis
756 760 1045 855 Philosophorum
1068 761 1155 830 Pro-

227 863 399 1006 tesseres,
448 939 592 1008 quorum
622 915 804 1014 disciplina
827 916 1010 1007 pertineret
1032 915 1077 984 nd
1101 937 1157 984 cas

238 1097 309 1162 res,
351 1093 436 1162 quae
462 1069 682 1157 scholasticae
707 1071 925 1140 institutionis
949 1070 1067 1166 orbem
1086 1072 1158 1159 ‘po-

238 1229 405 1297 tissimum
442 1225 664 1312 conficerent,
713 1223 893 1292 Seminarii
930 1224 1063 1294 sodales
1093 1247 1160 1292 nna

240 1381 360 1478 qaltem
381 1401 444 1472 per
465 1377 717 1448 hebdomadem
742 1379 828 1448 hora
855 1379 961 1471 gratis
986 1378 1160 1464 docerent,

205 1497 210 1506 ι
240 1543 276 1605 et
313 1535 443 1626 optima
472 1532 636 1603 methodo
672 1532 882 1626 singularum
911 1532 1034 1600 artium
1062 1513 1162 1600 mon-

240 1688 375 1760 stranda
408 1693 444 1756 et
465 1685 767 1756 exercitationibus
803 1685 969 1754 sodalium
1005 1685 1163 1776 practicis

240 1840 472 1926 moderandis,
511 1838 540 1908 si
571 1837 710 1929 quidem
734 1815 851 1909 eorum
875 1835 980 1932 opera
1006 1863 1027 1914 a
1051 1839 1163 1909 Semi-

241 1995 326 2066 narii
359 1993 547 2068 rectoribus
582 1950 826 2086 roborentur,
852 1994 890 2062 id
913 2016 1165 2086 nonnumquam

129 2159 134 2170 ·
240 2146 380 2240 quidem
404 2155 525 2218 eventu
548 2153 619 2216 non
642 2148 750 2219 caruit
771 2149 889 2242 plene:
918 2150 1086 2222 at'multo
1109 2171 1165 2218 ra-

241 2304 310 2374 rius
336 2310 370 2371 et
394 2299 681 2397 circumscriptior
705 2302 826 2406 habuit
849 2277 1004 2400 euentum
1017 2317 1032 2392 ,“
1065 2327 1167 2394 quam

90 2534 124 2547 η
241 2463 416 2551 putarent,
460 2454 520 2544 qui
551 2457 766 2529 consuerunt
795 2457 841 2526 ad
863 2457 1057 2526 institutum
1080 2455 1168 2524 illud

242 2607 517 2704 paedagogicum
556 2606 620 2695 sic,
668 2629 779 2698 neque
807 2609 843 2676 in
874 2607 1044 2678 nonnullis
1076 2617 1167 2678 certe

242 2764 360 2850 aliter,
382 2760 665 2832 constituendum.
696 2762 829 2850 Tamen
852 2761 907 2830 vel
931 2760 982 2857 sic
1006 2760 1097 2830 idem
1122 2762 1168 2830 il-

192 2925 196 2933 ’
243 2917 305 2996 lud
329 2915 495 2988 fructibus
520 2917 588 2986 suis
613 2916 735 2988 iurem
751 2915 987 2986 scholasticam
995 2915 1168 3004 Limnias,

243 3070 449 3158 Esthoniae‚
500 3067 685 3160 Curoniae,
737 3069 888 3140 Fenniae
938 3091 1044 3143 cornu
1084 3073 1168 3142 satis

245 3226 352 3318 pleno
400 3224 528 3294 delusis
581 3247 651 3324 perp
693 3246 816 3313 aequos
864 3248 976 3296 rerum
1025 3227 1169 3296 arbitros

144 3345 152 3362 ο
244 3377 338 3450 lund
375 3376 646 3466 defraudabitur,
697 3378 726 3448 si
763 3379 823 3469 qui
865 3381 986 3449 melius
1016 3379 1170 3470 aliquan-

245 3532 294 3603 do
315 3531 498 3624 cognorint
520 3533 772 3630 accuratiusque
795 3533 1054 3626 perpenderint,
1089 3542 1173 3624 quot

162 3663 166 3666 ’
246 3689 436 3780 quibusque
459 3687 708 3780 impedimentis
730 3685 824 3757 heud
848 3686 1002 3788 'segniter
1025 3687 1173 3775 remotis,

103 3875 109 3883 ·
249 3864 318 3914 non
357 3863 498 3934 parrum
537 3842 676 3936 quidem
715 3843 883 3916 bonorum
916 3849 1175 3935 praeceptorum
