<?xml version="1.0" encoding="UTF-8"?>
<!DOCTYPE html PUBLIC "-//W3C//DTD XHTML 1.0 Transitional//EN"
    "http://www.w3.org/TR/xhtml1/DTD/xhtml1-transitional.dtd">
<html xmlns="http://www.w3.org/1999/xhtml" xml:lang="en" lang="en">
 <head>
  <title>
</title>
<meta http-equiv="Content-Type" content="text/html;charset=utf-8" />
  <meta name='ocr-system' content='tesseract 3.04.00' />
  <meta name='ocr-capabilities' content='ocr_page ocr_carea ocr_par ocr_line ocrx_word'/>
</head>
<body>
  <div class='ocr_page' id='page_1' title='image "./observationescr00khgoog_0049.png"; bbox 0 0 2720 4650; ppageno 0'>
   <div class='ocr_carea' id='block_1_1' title="bbox 517 422 815 544">
    <p class='ocr_par' dir='ltr' id='par_1_1' title="bbox 472 422 815 544">
     <span class='ocr_line' id='line_1_1' title="bbox 517 422 815 544; baseline -0.017 -72.787"><span class='ocrx_word' id='word_1_1' title='bbox 517 422 815 544; x_wconf 43' lang='grc'>1.,12...</span> 
     </span>
    </p>
   </div>
   <div class='ocr_carea' id='block_1_2' title="bbox 148 603 1230 3765">
    <p class='ocr_par' dir='ltr' id='par_1_2' title="bbox 148 603 1230 3765">
     <span class='ocr_line' id='line_1_2' title="bbox 239 603 1181 699; baseline -0.015 -20"><span class='ocrx_word' id='word_1_2' title='bbox 239 617 378 690; x_wconf 81' lang='lat' dir='ltr'>cuderet,</span> <span class='ocrx_word' id='word_1_3' title='bbox 399 612 610 699; x_wconf 80' lang='lat' dir='ltr'>gravissimum</span> <span class='ocrx_word' id='word_1_4' title='bbox 632 611 717 685; x_wconf 89' lang='lat' dir='ltr'>mihi,</span> <span class='ocrx_word' id='word_1_5' title='bbox 740 632 774 672; x_wconf 90' lang='lat' dir='ltr'>re</span> <span class='ocrx_word' id='word_1_6' title='bbox 794 610 905 671; x_wconf 89' lang='lat' dir='ltr'>iterum</span> <span class='ocrx_word' id='word_1_7' title='bbox 925 607 1095 689; x_wconf 83' lang='lat' dir='ltr'><strong>iterumque</strong></span> <span class='ocrx_word' id='word_1_8' title='bbox 1115 603 1181 668; x_wconf 87' lang='lat' dir='ltr'>di·</span> 
     </span>
     <span class='ocr_line' id='line_1_3' title="bbox 202 709 1161 811; baseline -0.016 -26.398"><span class='ocrx_word' id='word_1_9' title='bbox 202 722 382 811; x_wconf 83' lang='lat' dir='ltr'>ligentius</span> <span class='ocrx_word' id='word_1_10' title='bbox 403 739 569 802; x_wconf 80' lang='lat' dir='ltr'>perpenso,</span> <span class='ocrx_word' id='word_1_11' title='bbox 596 715 771 802; x_wconf 86' lang='lat' dir='ltr'>scrupulum</span> <span class='ocrx_word' id='word_1_12' title='bbox 794 715 833 776; x_wconf 90' lang='lat' dir='ltr'>de</span> <span class='ocrx_word' id='word_1_13' title='bbox 855 714 920 777; x_wconf 80' lang='lat' dir='ltr'>eius</span> <span class='ocrx_word' id='word_1_14' title='bbox 942 712 1067 774; x_wconf 81' lang='lat' dir='ltr'>veritate</span> <span class='ocrx_word' id='word_1_15' title='bbox 1086 709 1161 771; x_wconf 86' lang='lat' dir='ltr'>inie-</span> 
     </span>
     <span class='ocr_line' id='line_1_4' title="bbox 238 815 1164 919; baseline -0.014 -30"><span class='ocrx_word' id='word_1_16' title='bbox 238 841 376 898; x_wconf 85' lang='lat' dir='ltr'>cerunt,</span> <span class='ocrx_word' id='word_1_17' title='bbox 373 847 456 908; x_wconf 81' lang='lat' dir='ltr'>quae</span> <span class='ocrx_word' id='word_1_18' title='bbox 477 837 579 892; x_wconf 80' lang='lat' dir='ltr'>contre</span> <span class='ocrx_word' id='word_1_19' title='bbox 596 823 807 884; x_wconf 84' lang='lat' dir='ltr'>Hermannum</span> <span class='ocrx_word' id='word_1_20' title='bbox 828 819 989 919; x_wconf 80' lang='lat' dir='ltr'>disputarit</span> <span class='ocrx_word' id='word_1_21' title='bbox 1008 815 1164 902; x_wconf 76' lang='lat' dir='ltr'>sagacissi-</span> 
     </span>
     <span class='ocr_line' id='line_1_5' title="bbox 174 923 1162 1016; baseline -0.013 -20.427"><span class='ocrx_word' id='word_1_22' title='bbox 174 933 284 1014; x_wconf 48' lang='lat' dir='ltr'>‚pmi</span> <span class='ocrx_word' id='word_1_23' title='bbox 305 932 353 994; x_wconf 86' lang='lat' dir='ltr'>vir</span> <span class='ocrx_word' id='word_1_24' title='bbox 374 929 490 1016; x_wconf 84' lang='lat' dir='ltr'>ingenii</span> <span class='ocrx_word' id='word_1_25' title='bbox 509 926 709 1014; x_wconf 66' lang='lat' dir='ltr'>Remigius,</span> <span class='ocrx_word' id='word_1_26' title='bbox 701 951 733 990; x_wconf 91' lang='grc' dir='ltr'>ιιι</span> <span class='ocrx_word' id='word_1_27' title='bbox 755 924 926 988; x_wconf 87' lang='lat' dir='ltr'>Comment.</span> <span class='ocrx_word' id='word_1_28' title='bbox 947 923 986 988; x_wconf 86' lang='lat' dir='ltr'>de</span> <span class='ocrx_word' id='word_1_29' title='bbox 1007 939 1082 1006; x_wconf 79' lang='lat' dir='ltr'>part.</span> <span class='ocrx_word' id='word_1_30' title='bbox 1100 941 1162 998; x_wconf 87' lang='grc' dir='ltr'>αν,</span> 
     </span>
     <span class='ocr_line' id='line_1_6' title="bbox 198 1026 1161 1118; baseline -0.01 -16.575"><span class='ocrx_word' id='word_1_31' title='bbox 198 1035 380 1101; x_wconf 88' lang='lat' dir='ltr'>Nubium</span> <span class='ocrx_word' id='word_1_32' title='bbox 400 1035 525 1099; x_wconf 86' lang='lat' dir='ltr'>editioni</span> <span class='ocrx_word' id='word_1_33' title='bbox 546 1034 723 1118; x_wconf 81' lang='lat' dir='ltr'>adiecta‚p.</span> <span class='ocrx_word' id='word_1_34' title='bbox 747 1029 944 1098; x_wconf 68' lang='lat' dir='ltr'>trs-1303</span> <span class='ocrx_word' id='word_1_35' title='bbox 968 1029 1079 1092; x_wconf 81' lang='lat'><strong>132-</strong></span> <span class='ocrx_word' id='word_1_36' title='bbox 1087 1026 1161 1092; x_wconf 81' lang='lat'><strong>136.</strong></span> 
     </span>
     <span class='ocr_line' id='line_1_7' title="bbox 242 1137 1163 1231; baseline -0.01 -25"><span class='ocrx_word' id='word_1_37' title='bbox 242 1143 423 1226; x_wconf 85' lang='lat' dir='ltr'>Simplicem</span> <span class='ocrx_word' id='word_1_38' title='bbox 442 1139 587 1204; x_wconf 84' lang='lat' dir='ltr'>videlicet</span> <span class='ocrx_word' id='word_1_39' title='bbox 608 1143 774 1231; x_wconf 83' lang='lat' dir='ltr'>optativum</span> <span class='ocrx_word' id='word_1_40' title='bbox 795 1137 931 1220; x_wconf 84' lang='lat' dir='ltr'>usurpari</span> <span class='ocrx_word' id='word_1_41' title='bbox 953 1137 1058 1212; x_wconf 86' lang='lat' dir='ltr'>docet,</span> <span class='ocrx_word' id='word_1_42' title='bbox 1089 1155 1163 1198; x_wconf 89' lang='lat' dir='ltr'>cum</span> 
     </span>
     <span class='ocr_line' id='line_1_8' title="bbox 240 1240 1165 1336; baseline -0.011 -22"><span class='ocrx_word' id='word_1_43' title='bbox 240 1249 356 1333; x_wconf 75' lang='lat' dir='ltr'>aliquid</span> <span class='ocrx_word' id='word_1_44' title='bbox 375 1246 604 1336; x_wconf 66' lang='lat' dir='ltr'>hypotheticum</span> <span class='ocrx_word' id='word_1_45' title='bbox 626 1248 665 1310; x_wconf 79' lang='lat' dir='ltr'>ita</span> <span class='ocrx_word' id='word_1_46' title='bbox 683 1259 819 1330; x_wconf 83' lang='lat' dir='ltr'>ponatur,</span> <span class='ocrx_word' id='word_1_47' title='bbox 839 1257 873 1306; x_wconf 87' lang='lat' dir='ltr'>ut</span> <span class='ocrx_word' id='word_1_48' title='bbox 894 1240 1026 1326; x_wconf 77' lang='lat' dir='ltr'>abipso,</span> <span class='ocrx_word' id='word_1_49' title='bbox 1046 1243 1098 1327; x_wconf 92' lang='lat' dir='ltr'>qui</span> <span class='ocrx_word' id='word_1_50' title='bbox 1120 1242 1165 1304; x_wconf 89' lang='lat' dir='ltr'>lo·</span> 
     </span>
     <span class='ocr_line' id='line_1_9' title="bbox 242 1337 1215 1440; baseline -0.011 -22"><span class='ocrx_word' id='word_1_51' title='bbox 242 1367 365 1440; x_wconf 82' lang='lat' dir='ltr'>quatur,</span> <span class='ocrx_word' id='word_1_52' title='bbox 385 1373 447 1416; x_wconf 89' lang='lat' dir='ltr'>non</span> <span class='ocrx_word' id='word_1_53' title='bbox 467 1369 549 1416; x_wconf 84' lang='lat' dir='ltr'>certa</span> <span class='ocrx_word' id='word_1_54' title='bbox 570 1354 701 1427; x_wconf 84' lang='lat' dir='ltr'>rarione,</span> <span class='ocrx_word' id='word_1_55' title='bbox 720 1352 775 1440; x_wconf 80' lang='lat' dir='ltr'>sed</span> <span class='ocrx_word' id='word_1_56' title='bbox 793 1337 934 1435; x_wconf 68' lang='lat' dir='ltr'>&#39;quodam&#39;</span> <span class='ocrx_word' id='word_1_57' title='bbox 947 1349 1098 1435; x_wconf 86' lang='lat' dir='ltr'>cogitandi</span> <span class='ocrx_word' id='word_1_58' title='bbox 1118 1371 1164 1412; x_wconf 81' lang='lat' dir='ltr'>ar·</span> <span class='ocrx_word' id='word_1_59' title='bbox 1212 1403 1215 1407; x_wconf 88' lang='lat'><em>.</em></span> 
     </span>
     <span class='ocr_line' id='line_1_10' title="bbox 240 1444 1165 1542; baseline -0.005 -21"><span class='ocrx_word' id='word_1_60' title='bbox 240 1457 330 1521; x_wconf 79' lang='lat' dir='ltr'>bitrio</span> <span class='ocrx_word' id='word_1_61' title='bbox 351 1458 388 1522; x_wconf 81' lang='lat' dir='ltr'>sit</span> <span class='ocrx_word' id='word_1_62' title='bbox 406 1473 569 1542; x_wconf 85' lang='lat' dir='ltr'>sumptum,</span> <span class='ocrx_word' id='word_1_63' title='bbox 589 1481 611 1521; x_wconf 91' lang='grc' dir='ltr'>ι</span> <span class='ocrx_word' id='word_1_64' title='bbox 628 1481 657 1522; x_wconf 89' lang='lat' dir='ltr'>e.</span> <span class='ocrx_word' id='word_1_65' title='bbox 679 1456 733 1521; x_wconf 90' lang='lat' dir='ltr'>ubi</span> <span class='ocrx_word' id='word_1_66' title='bbox 753 1458 901 1542; x_wconf 68' lang='lat' dir='ltr'>optativus</span> <span class='ocrx_word' id='word_1_67' title='bbox 919 1457 1056 1519; x_wconf 89' lang='lat' dir='ltr'>eiusdem</span> <span class='ocrx_word' id='word_1_68' title='bbox 1077 1444 1165 1518; x_wconf 76' lang='lat' dir='ltr'>rerbi</span> 
     </span>
     <span class='ocr_line' id='line_1_11' title="bbox 242 1559 1163 1654; baseline -0.005 -28"><span class='ocrx_word' id='word_1_69' title='bbox 242 1585 299 1648; x_wconf 88' lang='lat' dir='ltr'>per</span> <span class='ocrx_word' id='word_1_70' title='bbox 319 1563 524 1625; x_wconf 88' lang='lat' dir='ltr'>conditionem</span> <span class='ocrx_word' id='word_1_71' title='bbox 551 1565 589 1628; x_wconf 86' lang='lat' dir='ltr'>sit</span> <span class='ocrx_word' id='word_1_72' title='bbox 609 1565 737 1654; x_wconf 77' lang='lat' dir='ltr'>additus,</span> <span class='ocrx_word' id='word_1_73' title='bbox 759 1579 791 1627; x_wconf 88' lang='lat' dir='ltr'>ut</span> <span class='ocrx_word' id='word_1_74' title='bbox 812 1561 933 1630; x_wconf 69' lang='grc' dir='ltr'>κακῶς</span> <span class='ocrx_word' id='word_1_75' title='bbox 954 1559 1163 1644; x_wconf 76' lang='grc' dir='ltr'>μαχέσαιτο,</span> 
     </span>
     <span class='ocr_line' id='line_1_12' title="bbox 242 1649 1202 1765; baseline 0 -35"><span class='ocrx_word' id='word_1_76' title='bbox 242 1669 274 1732; x_wconf 77' lang='lat' dir='ltr'>ei</span> <span class='ocrx_word' id='word_1_77' title='bbox 286 1665 501 1752; x_wconf 79' lang='grc' dir='ltr'>μαχέσαιτο·</span> <span class='ocrx_word' id='word_1_78' title='bbox 517 1649 722 1754; x_wconf 83' lang='lat' dir='ltr'>regulamque</span> <span class='ocrx_word' id='word_1_79' title='bbox 743 1670 818 1752; x_wconf 78' lang='lat' dir='ltr'>aptis</span> <span class='ocrx_word' id='word_1_80' title='bbox 839 1669 997 1765; x_wconf 87' lang='lat' dir='ltr'>certisque</span> <span class='ocrx_word' id='word_1_81' title='bbox 1009 1668 1085 1731; x_wconf 78' lang='lat' dir='ltr'>locis</span> <span class='ocrx_word' id='word_1_82' title='bbox 1104 1682 1166 1730; x_wconf 81' lang='lat' dir='ltr'>tem</span> <span class='ocrx_word' id='word_1_83' title='bbox 1200 1667 1202 1671; x_wconf 72' lang='grc'><strong>’</strong></span> 
     </span>
     <span class='ocr_line' id='line_1_13' title="bbox 242 1773 1230 1862; baseline -0.005 -23"><span class='ocrx_word' id='word_1_84' title='bbox 242 1777 369 1862; x_wconf 83' lang='lat' dir='ltr'>egregie</span> <span class='ocrx_word' id='word_1_85' title='bbox 390 1774 563 1846; x_wconf 79' lang='lat' dir='ltr'>confirmet,</span> <span class='ocrx_word' id='word_1_86' title='bbox 584 1786 617 1838; x_wconf 91' lang='lat' dir='ltr'>ut</span> <span class='ocrx_word' id='word_1_87' title='bbox 636 1794 718 1836; x_wconf 90' lang='lat' dir='ltr'>nunc</span> <span class='ocrx_word' id='word_1_88' title='bbox 739 1775 814 1848; x_wconf 87' lang='lat' dir='ltr'>iam,</span> <span class='ocrx_word' id='word_1_89' title='bbox 842 1774 1097 1836; x_wconf 71' lang='lat' dir='ltr'>commentatione</span> <span class='ocrx_word' id='word_1_90' title='bbox 1113 1773 1166 1834; x_wconf 79' lang='lat' dir='ltr'>itta</span> <span class='ocrx_word' id='word_1_91' title='bbox 1228 1803 1230 1807; x_wconf 94' lang='lat'>·</span> 
     </span>
     <span class='ocr_line' id='line_1_14' title="bbox 171 1864 1167 1978; baseline -0.008 -32"><span class='ocrx_word' id='word_1_92' title='bbox 171 1864 174 1872; x_wconf 23' lang='grc' dir='ltr'>Ι</span> <span class='ocrx_word' id='word_1_93' title='bbox 243 1893 408 1958; x_wconf 84' lang='lat' dir='ltr'>retractata,</span> <span class='ocrx_word' id='word_1_94' title='bbox 430 1901 538 1978; x_wconf 80' lang='lat' dir='ltr'>parum</span> <span class='ocrx_word' id='word_1_95' title='bbox 552 1877 645 1955; x_wconf 82' lang='lat' dir='ltr'>absit,</span> <span class='ocrx_word' id='word_1_96' title='bbox 660 1879 733 1962; x_wconf 86' lang='lat' dir='ltr'>quin</span> <span class='ocrx_word' id='word_1_97' title='bbox 752 1881 835 1940; x_wconf 89' lang='lat' dir='ltr'>omni</span> <span class='ocrx_word' id='word_1_98' title='bbox 854 1901 891 1942; x_wconf 86' lang='lat' dir='ltr'>ex</span> <span class='ocrx_word' id='word_1_99' title='bbox 905 1873 992 1972; x_wconf 86' lang='lat' dir='ltr'>part&#39;e</span> <span class='ocrx_word' id='word_1_100' title='bbox 1013 1881 1078 1942; x_wconf 88' lang='lat' dir='ltr'>eius</span> <span class='ocrx_word' id='word_1_101' title='bbox 1099 1899 1167 1940; x_wconf 85' lang='lat' dir='ltr'>sen·</span> 
     </span>
     <span class='ocr_line' id='line_1_15' title="bbox 244 1983 1167 2070; baseline -0.001 -21"><span class='ocrx_word' id='word_1_102' title='bbox 244 1988 367 2051; x_wconf 79' lang='lat' dir='ltr'>tentiam</span> <span class='ocrx_word' id='word_1_103' title='bbox 383 1985 558 2069; x_wconf 76' lang='lat' dir='ltr'>amplectar.</span> <span class='ocrx_word' id='word_1_104' title='bbox 586 1985 692 2070; x_wconf 79' lang='lat' dir='ltr'>Itaque</span> <span class='ocrx_word' id='word_1_105' title='bbox 714 2009 732 2048; x_wconf 94' lang='lat' dir='ltr'>e</span> <span class='ocrx_word' id='word_1_106' title='bbox 753 1983 884 2070; x_wconf 87' lang='lat' dir='ltr'>Reisigii</span> <span class='ocrx_word' id='word_1_107' title='bbox 896 1985 1065 2069; x_wconf 79' lang='lat' dir='ltr'>praeceptis</span> <span class='ocrx_word' id='word_1_108' title='bbox 1081 1983 1167 2048; x_wconf 80' lang='lat' dir='ltr'>locus</span> 
     </span>
     <span class='ocr_line' id='line_1_16' title="bbox 166 2079 1167 2180; baseline -0.009 -24"><span class='ocrx_word' id='word_1_109' title='bbox 166 2091 168 2096; x_wconf 71' lang='grc'>’</span> <span class='ocrx_word' id='word_1_110' title='bbox 243 2091 493 2180; x_wconf 86' lang='lat' dir='ltr'>Aeschyleussic</span> <span class='ocrx_word' id='word_1_111' title='bbox 511 2092 578 2154; x_wconf 80' lang='lat' dir='ltr'>fere</span> <span class='ocrx_word' id='word_1_112' title='bbox 599 2092 794 2174; x_wconf 84' lang='lat' dir='ltr'>explicandus</span> <span class='ocrx_word' id='word_1_113' title='bbox 816 2107 908 2154; x_wconf 84' lang='lat' dir='ltr'>esset.</span> <span class='ocrx_word' id='word_1_114' title='bbox 929 2079 1027 2152; x_wconf 81' lang='grc' dir='ltr'>οὔτοι</span> <span class='ocrx_word' id='word_1_115' title='bbox 1048 2085 1167 2170; x_wconf 80' lang='grc' dir='ltr'>φρένα</span> 
     </span>
     <span class='ocr_line' id='line_1_17' title="bbox 229 2188 1166 2288; baseline -0.006 -26"><span class='ocrx_word' id='word_1_116' title='bbox 229 2195 410 2272; x_wconf 59' lang='lat' dir='ltr'>&#39;uteorum</span> <span class='ocrx_word' id='word_1_117' title='bbox 432 2188 724 2280; x_wconf 75' lang='grc' dir='ltr'>ὠμματωμένην,</span> <span class='ocrx_word' id='word_1_118' title='bbox 745 2197 777 2262; x_wconf 82' lang='grc' dir='ltr'>εἰ</span> <span class='ocrx_word' id='word_1_119' title='bbox 798 2194 976 2288; x_wconf 70' lang='grc' dir='ltr'>κλέψιιαν,</span> <span class='ocrx_word' id='word_1_120' title='bbox 994 2197 1015 2259; x_wconf 93' lang='grc' dir='ltr'>ι.</span> <span class='ocrx_word' id='word_1_121' title='bbox 1032 2217 1060 2258; x_wconf 86' lang='lat' dir='ltr'>e.</span> <span class='ocrx_word' id='word_1_122' title='bbox 1083 2217 1166 2271; x_wconf 88' lang='grc' dir='ltr'>,,ιιοιι</span> 
     </span>
     <span class='ocr_line' id='line_1_18' title="bbox 244 2303 1169 2379; baseline -0.005 -10"><span class='ocrx_word' id='word_1_123' title='bbox 244 2304 350 2370; x_wconf 81' lang='lat' dir='ltr'>sallent</span> <span class='ocrx_word' id='word_1_124' title='bbox 370 2304 468 2369; x_wconf 85' lang='lat' dir='ltr'>nuntii</span> <span class='ocrx_word' id='word_1_125' title='bbox 485 2304 534 2370; x_wconf 86' lang='lat' dir='ltr'>isti</span> <span class='ocrx_word' id='word_1_126' title='bbox 557 2307 691 2368; x_wconf 79' lang='lat' dir='ltr'>animum</span> <span class='ocrx_word' id='word_1_127' title='bbox 708 2327 812 2368; x_wconf 87' lang='lat' dir='ltr'>meum</span> <span class='ocrx_word' id='word_1_128' title='bbox 830 2305 1022 2379; x_wconf 82' lang='lat' dir='ltr'>acerrimum,</span> <span class='ocrx_word' id='word_1_129' title='bbox 1044 2303 1069 2365; x_wconf 90' lang='lat' dir='ltr'>si</span> <span class='ocrx_word' id='word_1_130' title='bbox 1090 2303 1169 2364; x_wconf 83' lang='lat' dir='ltr'>forte</span> 
     </span>
     <span class='ocr_line' id='line_1_19' title="bbox 244 2408 1168 2483; baseline 0 -11"><span class='ocrx_word' id='word_1_131' title='bbox 244 2409 356 2472; x_wconf 80' lang='lat' dir='ltr'>mulam</span> <span class='ocrx_word' id='word_1_132' title='bbox 375 2409 515 2474; x_wconf 80' lang='lat' dir='ltr'>fraudem</span> <span class='ocrx_word' id='word_1_133' title='bbox 534 2411 638 2473; x_wconf 83' lang='lat' dir='ltr'>facere</span> <span class='ocrx_word' id='word_1_134' title='bbox 660 2411 800 2483; x_wconf 90' lang='lat' dir='ltr'>velint,“</span> <span class='ocrx_word' id='word_1_135' title='bbox 822 2411 887 2472; x_wconf 85' lang='lat' dir='ltr'>sive</span> <span class='ocrx_word' id='word_1_136' title='bbox 909 2411 962 2483; x_wconf 86' lang='lat' dir='ltr'>„si</span> <span class='ocrx_word' id='word_1_137' title='bbox 983 2408 1168 2472; x_wconf 70' lang='lat' dir='ltr'>fraudatores</span> 
     </span>
     <span class='ocr_line' id='line_1_20' title="bbox 245 2509 1171 2610; baseline -0.001 -33"><span class='ocrx_word' id='word_1_138' title='bbox 245 2515 341 2577; x_wconf 83' lang='lat' dir='ltr'>sint.“</span> <span class='ocrx_word' id='word_1_139' title='bbox 389 2509 476 2576; x_wconf 87' lang='lat' dir='ltr'>Fieri</span> <span class='ocrx_word' id='word_1_140' title='bbox 496 2515 621 2597; x_wconf 86' lang='lat' dir='ltr'>quidem</span> <span class='ocrx_word' id='word_1_141' title='bbox 648 2518 759 2610; x_wconf 30' lang='lat' dir='ltr'>possut,</span> <span class='ocrx_word' id='word_1_142' title='bbox 787 2531 818 2576; x_wconf 92' lang='lat' dir='ltr'>ut</span> <span class='ocrx_word' id='word_1_143' title='bbox 849 2515 1021 2599; x_wconf 88' lang='lat' dir='ltr'>Reisigium</span> <span class='ocrx_word' id='word_1_144' title='bbox 1046 2511 1084 2575; x_wconf 77' lang='grc' dir='ltr'>ιιι</span> <span class='ocrx_word' id='word_1_145' title='bbox 1109 2517 1171 2596; x_wconf 56' lang='grc' dir='ltr'>ιιιοι</span> 
     </span>
     <span class='ocr_line' id='line_1_21' title="bbox 148 2618 1167 2707; baseline 0.001 -26"><span class='ocrx_word' id='word_1_146' title='bbox 148 2659 149 2664; x_wconf 41' lang='lat'>1</span> <span class='ocrx_word' id='word_1_147' title='bbox 245 2618 420 2705; x_wconf 84' lang='lat' dir='ltr'>explicandi</span> <span class='ocrx_word' id='word_1_148' title='bbox 441 2619 555 2682; x_wconf 81' lang='lat' dir='ltr'>ratione</span> <span class='ocrx_word' id='word_1_149' title='bbox 584 2619 730 2701; x_wconf 82' lang='lat' dir='ltr'>impediat</span> <span class='ocrx_word' id='word_1_150' title='bbox 758 2619 974 2682; x_wconf 85' lang='lat' dir='ltr'>vocabulorum</span> <span class='ocrx_word' id='word_1_151' title='bbox 998 2618 1167 2707; x_wconf 72' lang='lat' dir='ltr'>collocatio,</span> 
     </span>
     <span class='ocr_line' id='line_1_22' title="bbox 244 2719 1168 2845; baseline 0.003 -59"><span class='ocrx_word' id='word_1_152' title='bbox 244 2740 369 2845; x_wconf 80' lang='lat' dir='ltr'>propter</span> <span class='ocrx_word' id='word_1_153' title='bbox 389 2746 480 2809; x_wconf 85' lang='lat' dir='ltr'>quam</span> <span class='ocrx_word' id='word_1_154' title='bbox 498 2723 593 2787; x_wconf 82' lang='lat' dir='ltr'>oolam</span> <span class='ocrx_word' id='word_1_155' title='bbox 614 2724 734 2806; x_wconf 87' lang='lat' dir='ltr'>penitus</span> <span class='ocrx_word' id='word_1_156' title='bbox 755 2721 890 2787; x_wconf 80' lang='lat' dir='ltr'>laborare</span> <span class='ocrx_word' id='word_1_157' title='bbox 906 2727 979 2787; x_wconf 87' lang='lat' dir='ltr'>dicit</span> <span class='ocrx_word' id='word_1_158' title='bbox 993 2719 1168 2824; x_wconf 80' lang='lat' dir='ltr'>optativum,</span> 
     </span>
     <span class='ocr_line' id='line_1_23' title="bbox 170 2814 1168 2916; baseline 0.002 -24"><span class='ocrx_word' id='word_1_159' title='bbox 170 2897 178 2902; x_wconf 60' lang='lat'><strong><em>„</em></strong></span> <span class='ocrx_word' id='word_1_160' title='bbox 246 2820 295 2892; x_wconf 73' lang='grc' dir='ltr'>ἄν</span> <span class='ocrx_word' id='word_1_161' title='bbox 315 2814 462 2913; x_wconf 81' lang='lat' dir='ltr'>particula</span> <span class='ocrx_word' id='word_1_162' title='bbox 482 2845 648 2907; x_wconf 80' lang='lat' dir='ltr'>carentem,</span> <span class='ocrx_word' id='word_1_163' title='bbox 668 2815 1168 2916; x_wconf 62' lang='lat' dir='ltr'>apudEur.1phig.Au131209</span> 
     </span>
     <span class='ocr_line' id='line_1_24' title="bbox 247 2923 1166 3020; baseline -0.006 -17"><span class='ocrx_word' id='word_1_164' title='bbox 247 2930 363 3006; x_wconf 68' lang='lat' dir='ltr'>criticis</span> <span class='ocrx_word' id='word_1_165' title='bbox 379 2927 469 3017; x_wconf 75' lang='grc' dir='ltr'><em>πρὸς</em></span> <span class='ocrx_word' id='word_1_166' title='bbox 481 2923 560 2999; x_wconf 80' lang='grc' dir='ltr'>τάδ’</span> <span class='ocrx_word' id='word_1_167' title='bbox 576 2929 740 3000; x_wconf 76' lang='grc' dir='ltr'>ἄντειιιοι</span> <span class='ocrx_word' id='word_1_168' title='bbox 755 2937 972 3020; x_wconf 56' lang='lat' dir='ltr'>flpornivw(</span> <span class='ocrx_word' id='word_1_169' title='bbox 941 2939 1166 3013; x_wconf 76' lang='grc' dir='ltr'>(ιΤιιιειιιιιι.</span> 
     </span>
     <span class='ocr_line' id='line_1_25' title="bbox 245 3035 1169 3132; baseline 0.001 -24"><span class='ocrx_word' id='word_1_170' title='bbox 245 3068 292 3132; x_wconf 84' lang='lat' dir='ltr'>gr.</span> <span class='ocrx_word' id='word_1_171' title='bbox 312 3068 359 3131; x_wconf 86' lang='lat' dir='ltr'>gr.</span> <span class='ocrx_word' id='word_1_172' title='bbox 349 3047 404 3122; x_wconf 85' lang='lat'>.§.</span> <span class='ocrx_word' id='word_1_173' title='bbox 426 3042 506 3121; x_wconf 81' lang='grc'>336,</span> <span class='ocrx_word' id='word_1_174' title='bbox 528 3043 566 3118; x_wconf 80' lang='grc'>3,</span> <span class='ocrx_word' id='word_1_175' title='bbox 588 3059 649 3106; x_wconf 88' lang='grc' dir='ltr'>ιιοι.</span> <span class='ocrx_word' id='word_1_176' title='bbox 672 3047 720 3123; x_wconf 81' lang='lat' dir='ltr'>i.)</span> <span class='ocrx_word' id='word_1_177' title='bbox 774 3046 828 3108; x_wconf 86' lang='lat' dir='ltr'>Sin</span> <span class='ocrx_word' id='word_1_178' title='bbox 850 3067 923 3108; x_wconf 88' lang='lat' dir='ltr'>vero</span> <span class='ocrx_word' id='word_1_179' title='bbox 944 3046 1060 3108; x_wconf 85' lang='lat' dir='ltr'>dicetur</span> <span class='ocrx_word' id='word_1_180' title='bbox 1079 3035 1169 3122; x_wconf 75' lang='grc' dir='ltr'>προς</span> 
     </span>
     <span class='ocr_line' id='line_1_26' title="bbox 245 3139 1168 3240; baseline -0.004 -24"><span class='ocrx_word' id='word_1_181' title='bbox 245 3139 332 3216; x_wconf 80' lang='grc' dir='ltr'>τάδ’·</span> <span class='ocrx_word' id='word_1_182' title='bbox 363 3142 478 3218; x_wconf 73' lang='grc' dir='ltr'>οὐδεὶς</span> <span class='ocrx_word' id='word_1_183' title='bbox 506 3143 668 3215; x_wconf 70' lang='grc' dir='ltr'>ἀντείποι</span> <span class='ocrx_word' id='word_1_184' title='bbox 694 3149 863 3231; x_wconf 74' lang='grc' dir='ltr'>βροτῶν,</span> <span class='ocrx_word' id='word_1_185' title='bbox 904 3151 1049 3240; x_wconf 78' lang='lat' dir='ltr'>explicari</span> <span class='ocrx_word' id='word_1_186' title='bbox 1081 3173 1168 3234; x_wconf 88' lang='lat' dir='ltr'>posse</span> 
     </span>
     <span class='ocr_line' id='line_1_27' title="bbox 246 3259 1228 3343; baseline -0.001 -25"><span class='ocrx_word' id='word_1_187' title='bbox 246 3269 369 3318; x_wconf 79' lang='lat' dir='ltr'>censet:</span> <span class='ocrx_word' id='word_1_188' title='bbox 411 3277 502 3317; x_wconf 89' lang='lat' dir='ltr'>nemo</span> <span class='ocrx_word' id='word_1_189' title='bbox 531 3273 680 3342; x_wconf 83' lang='lat' dir='ltr'>repugnet</span> <span class='ocrx_word' id='word_1_190' title='bbox 705 3259 804 3332; x_wconf 83' lang='lat' dir='ltr'>hisce,</span> <span class='ocrx_word' id='word_1_191' title='bbox 831 3259 856 3320; x_wconf 90' lang='lat' dir='ltr'>si</span> <span class='ocrx_word' id='word_1_192' title='bbox 884 3261 950 3343; x_wconf 85' lang='lat' dir='ltr'>quis</span> <span class='ocrx_word' id='word_1_193' title='bbox 978 3260 1101 3320; x_wconf 91' lang='lat' dir='ltr'>omnino</span> <span class='ocrx_word' id='word_1_194' title='bbox 1123 3279 1169 3318; x_wconf 90' lang='lat' dir='ltr'>re·</span> <span class='ocrx_word' id='word_1_195' title='bbox 1226 3285 1228 3288; x_wconf 95' lang='lat'>·</span> 
     </span>
     <span class='ocr_line' id='line_1_28' title="bbox 246 3353 1170 3448; baseline -0.001 -24"><span class='ocrx_word' id='word_1_196' title='bbox 246 3375 378 3446; x_wconf 84' lang='lat' dir='ltr'>pugnet,</span> <span class='ocrx_word' id='word_1_197' title='bbox 411 3359 460 3438; x_wconf 79' lang='grc' dir='ltr'>(εἰ</span> <span class='ocrx_word' id='word_1_198' title='bbox 483 3380 532 3428; x_wconf 76' lang='grc' dir='ltr'>τις</span> <span class='ocrx_word' id='word_1_199' title='bbox 554 3353 742 3439; x_wconf 76' lang='grc' dir='ltr'>α’νιείποι).</span> <span class='ocrx_word' id='word_1_200' title='bbox 787 3363 861 3426; x_wconf 82' lang='lat' dir='ltr'>-Sed</span> <span class='ocrx_word' id='word_1_201' title='bbox 884 3385 978 3448; x_wconf 91' lang='lat' dir='ltr'>quum</span> <span class='ocrx_word' id='word_1_202' title='bbox 999 3384 1030 3445; x_wconf 90' lang='lat' dir='ltr'>p.</span> <span class='ocrx_word' id='word_1_203' title='bbox 1054 3363 1118 3426; x_wconf 80' lang='lat'>130</span> <span class='ocrx_word' id='word_1_204' title='bbox 1137 3363 1170 3423; x_wconf 91' lang='lat' dir='ltr'>in</span> 
     </span>
     <span class='ocr_line' id='line_1_29' title="bbox 247 3453 1169 3556; baseline 0.001 -27"><span class='ocrx_word' id='word_1_205' title='bbox 247 3466 323 3530; x_wconf 79' lang='lat' dir='ltr'>locis</span> <span class='ocrx_word' id='word_1_206' title='bbox 346 3467 517 3530; x_wconf 82' lang='lat' dir='ltr'>Homericis</span> <span class='ocrx_word' id='word_1_207' title='bbox 538 3483 567 3530; x_wconf 85' lang='lat' dir='ltr'>et</span> <span class='ocrx_word' id='word_1_208' title='bbox 586 3453 772 3532; x_wconf 84' lang='lat' dir='ltr'>Theocriteis</span> <span class='ocrx_word' id='word_1_209' title='bbox 793 3469 985 3554; x_wconf 84' lang='lat' dir='ltr'>negationem</span> <span class='ocrx_word' id='word_1_210' title='bbox 1009 3489 1169 3556; x_wconf 85' lang='lat' dir='ltr'>praece·</span> 
     </span>
     <span class='ocr_line' id='line_1_30' title="bbox 172 3572 1170 3659; baseline 0.006 -29"><span class='ocrx_word' id='word_1_211' title='bbox 172 3595 185 3630; x_wconf 61' lang='grc' dir='ltr'><strong><em>μ</em></strong></span> <span class='ocrx_word' id='word_1_212' title='bbox 248 3573 401 3635; x_wconf 87' lang='lat' dir='ltr'>dentem</span> <span class='ocrx_word' id='word_1_213' title='bbox 423 3575 578 3659; x_wconf 71' lang='lat' dir='ltr'>patiatur,&#39;</span> <span class='ocrx_word' id='word_1_214' title='bbox 600 3576 701 3658; x_wconf 81' lang='lat' dir='ltr'>neque</span> <span class='ocrx_word' id='word_1_215' title='bbox 721 3575 790 3646; x_wconf 87' lang='lat' dir='ltr'>hio,</span> <span class='ocrx_word' id='word_1_216' title='bbox 815 3572 868 3635; x_wconf 88' lang='lat' dir='ltr'>ubi</span> <span class='ocrx_word' id='word_1_217' title='bbox 885 3594 989 3636; x_wconf 83' lang='lat' dir='ltr'>oermo</span> <span class='ocrx_word' id='word_1_218' title='bbox 1010 3589 1055 3639; x_wconf 80' lang='lat' dir='ltr'>est</span> <span class='ocrx_word' id='word_1_219' title='bbox 1075 3575 1116 3636; x_wconf 88' lang='lat' dir='ltr'>de</span> <span class='ocrx_word' id='word_1_220' title='bbox 1138 3576 1170 3637; x_wconf 87' lang='lat' dir='ltr'>vi</span> 
     </span>
     <span class='ocr_line' id='line_1_31' title="bbox 248 3667 1171 3765; baseline -0.001 -23"><span class='ocrx_word' id='word_1_221' title='bbox 248 3693 336 3762; x_wconf 76' lang='lat' dir='ltr'>utque</span> <span class='ocrx_word' id='word_1_222' title='bbox 359 3701 415 3742; x_wconf 83' lang='lat' dir='ltr'>usu</span> <span class='ocrx_word' id='word_1_223' title='bbox 436 3681 557 3761; x_wconf 83' lang='lat' dir='ltr'>optativi</span> <span class='ocrx_word' id='word_1_224' title='bbox 578 3695 608 3742; x_wconf 89' lang='lat' dir='ltr'>et</span> <span class='ocrx_word' id='word_1_225' title='bbox 628 3679 793 3762; x_wconf 77' lang='lat' dir='ltr'>particulae</span> <span class='ocrx_word' id='word_1_226' title='bbox 804 3667 864 3756; x_wconf 79' lang='grc' dir='ltr'>ἅν,</span> <span class='ocrx_word' id='word_1_227' title='bbox 884 3680 1031 3765; x_wconf 75' lang='lat' dir='ltr'>tragicum</span> <span class='ocrx_word' id='word_1_228' title='bbox 1047 3679 1171 3742; x_wconf 89' lang='lat' dir='ltr'>dicendi</span> 
     </span>
    </p>
   </div>
   <div class='ocr_carea' id='block_1_3' title="bbox 249 3780 1278 3874">
    <p class='ocr_par' dir='ltr' id='par_1_3' title="bbox 249 3780 1278 3874">
     <span class='ocr_line' id='line_1_32' title="bbox 249 3780 1278 3874; baseline 0.003 -30"><span class='ocrx_word' id='word_1_229' title='bbox 249 3806 346 3871; x_wconf 77' lang='lat' dir='ltr'>genus</span> <span class='ocrx_word' id='word_1_230' title='bbox 367 3784 404 3846; x_wconf 81' lang='lat' dir='ltr'>rb</span> <span class='ocrx_word' id='word_1_231' title='bbox 427 3787 583 3869; x_wconf 88' lang='lat' dir='ltr'>epicorum</span> <span class='ocrx_word' id='word_1_232' title='bbox 605 3808 661 3848; x_wconf 89' lang='lat' dir='ltr'>usu</span> <span class='ocrx_word' id='word_1_233' title='bbox 677 3787 891 3874; x_wconf 55' lang='lat' dir='ltr'>repererim</span> <span class='ocrx_word' id='word_1_234' title='bbox 914 3787 1084 3850; x_wconf 76' lang='lat' dir='ltr'>edversario</span> <span class='ocrx_word' id='word_1_235' title='bbox 1105 3787 1171 3847; x_wconf 83' lang='lat' dir='ltr'>eius</span> <span class='ocrx_word' id='word_1_236' title='bbox 1272 3780 1278 3786; x_wconf 75' lang='grc'><strong><em>’</em></strong></span> 
     </span>
    </p>
   </div>
   <div class='ocr_carea' id='block_1_4' title="bbox 249 3891 1172 3978">
    <p class='ocr_par' dir='ltr' id='par_1_4' title="bbox 249 3891 1172 3978">
     <span class='ocr_line' id='line_1_33' title="bbox 249 3891 1172 3978; baseline -0.001 -23"><span class='ocrx_word' id='word_1_237' title='bbox 249 3891 324 3955; x_wconf 81' lang='lat' dir='ltr'>nihil</span> <span class='ocrx_word' id='word_1_238' title='bbox 351 3891 433 3956; x_wconf 80' lang='lat' dir='ltr'>aliud</span> <span class='ocrx_word' id='word_1_239' title='bbox 455 3892 622 3978; x_wconf 82' lang='lat' dir='ltr'>supererit,</span> <span class='ocrx_word' id='word_1_240' title='bbox 651 3915 741 3978; x_wconf 80' lang='lat' dir='ltr'>quam</span> <span class='ocrx_word' id='word_1_241' title='bbox 769 3907 801 3954; x_wconf 89' lang='lat' dir='ltr'>ut</span> <span class='ocrx_word' id='word_1_242' title='bbox 820 3894 916 3978; x_wconf 75' lang='lat' dir='ltr'>ipsum</span> <span class='ocrx_word' id='word_1_243' title='bbox 937 3891 1107 3978; x_wconf 72' lang='lat' dir='ltr'>explicandi</span> <span class='ocrx_word' id='word_1_244' title='bbox 1127 3913 1172 3954; x_wconf 80' lang='lat' dir='ltr'>ru·</span> 
     </span>
    </p>
   </div>
   <div class='ocr_carea' id='block_1_5' title="bbox 0 0 1379 4650">
    <p class='ocr_par' dir='ltr' id='par_1_5' title="bbox 0 0 1379 4650">
     <span class='ocr_line' id='line_1_34' title="bbox 0 0 1379 4650; baseline 0 0"><span class='ocrx_word' id='word_1_245' title='bbox 0 0 1379 4650; x_wconf 95' lang='lat' dir='ltr'> </span> 
     </span>
    </p>
   </div>
  </div>
 </body>
</html>
