2726 4652
597 444 827 540 7-86-

250 645 363 730 optime
392 640 528 706 defendit
542 628 853 720 'apocartiddtt'un
885 665 986 730 neque
1007 645 1173 711 nunciam

192 819 195 824 ,
249 749 409 815 intercedit
429 746 640 820 Hermannus‚
661 769 754 833 quem
775 769 806 812 v.
828 749 850 812 l.
870 748 894 814 l.
914 771 945 833 p.
1004 787 1078 815 .-
1097 753 1173 815 Eur.

118 927 121 932 ,
247 847 365 921 Alcest.
388 852 451 920 181
468 886 511 902 ·-
539 853 614 916 πᾶν
635 849 674 915 δὲ
695 850 841 933 δέμνιον
863 848 1178 941 ὀφθαλμοτέγκτῳ·

249 952 374 1028 δεύετο
394 957 636 1042 πλημμυρίδι,
659 948 801 1024 Porsonis
815 961 1058 1026 emendationem
1079 953 1173 1025 δεύε-

247 1089 324 1148 rara„
340 1073 383 1148 (r.
403 1067 443 1130 ad
462 1063 554 1130 Med.
578 1065 691 1142 1138),
712 1065 829 1128 duobus
850 1067 1005 1136 codicibus
1025 1067 1172 1133 Florentt.

168 1167 171 1174 ⁴
247 1177 469 1244 confirmatam,
515 1171 628 1253 optimo
666 1171 733 1233 iure
772 1189 965 1256 receperunt
988 1173 1174 1240 Matthiaeus

246 1298 336 1368 atque
357 1275 527 1350 Monkius,
554 1297 616 1338 non
641 1294 829 1364 repugnante
849 1279 1027 1343 Hermanno
1053 1281 1076 1344 l.
1093 1282 1115 1344 l.
1142 1304 1172 1364 p.

123 1441 155 1462 ,.
244 1385 300 1454 23.
322 1421 363 1436 -
384 1371 562 1467 coprem.
584 1382 661 1463 371,
683 1378 753 1448 er
775 1381 843 1448 eea
864 1378 1065 1463 Ὀδυσσεὺς,
1083 1388 1172 1467 πλη.

201 1581 206 1591 ι
247 1493 328 1560 olor
348 1483 424 1577 γὰρ
445 1481 499 1554 ὢν
516 1477 629 1570 κ’ύρετ.
672 1489 768 1555 Porso
792 1493 834 1556 ad
851 1489 944 1556 Med.
969 1493 991 1554 l.
1013 1493 1034 1556 l.
1057 1497 1172 1572 κυρεῖ.

247 1603 312 1666 Sed
333 1615 417 1664 recte
439 1599 499 1662 iam
512 1594 695 1675 Branchus,
715 1619 856 1682 praesens
870 1614 989 1681 tempus
1009 1617 1066 1688 pro
1088 1619 1173 1682 prae·
1267 1659 1272 1670 ,

136 1771 141 1778 ,
182 1697 189 1718 ‘
246 1709 334 1772 terito
352 1703 416 1767 h.l.
437 1703 612 1765 insolentius
632 1702 798 1767 adhibitum
817 1724 886 1769 esse
906 1720 996 1781 ratus,
1017 1705 1173 1791 eleganter

246 1811 376 1878 correxit
403 1792 451 1890 ἤν
472 1805 619 1886 κυρῶν,Ι
644 1809 726 1892 quod
747 1804 950 1892 probaverunt
971 1814 1173 1887 recentiorem
1213 1874 1215 1876 ,

245 1941 277 1983 v.
299 1919 408 1981 Herm.
436 1928 467 1978 et
486 1911 598 1977 Buttm.
619 1915 656 1976 ad
678 1916 710 1978 h.
731 1913 753 1977 l.
803 1915 899 1980 Nihili
921 1933 966 1981 est
987 1919 1173 1981 scholiastae

245 2037 470 2095 commentum,
491 2041 551 2104 quo
572 2017 942 2107 propter‘ambiguitatem
962 2024 1113 2109 quandam
1135 2043 1173 2085 err

147 2131 149 2136 ’
245 2129 388 2194 industria
407 2126 570 2214 quaesitam
590 2127 699 2205 κυρεῖ
717 2125 884 2213 legendum
906 2149 974 2193 esse
996 2129 1092 2214 fingit.
1118 2127 1171 2192 Cf.
1264 2195 1268 2204 ,

245 2237 402 2300 Schaeler.
431 2247 462 2294 et
481 2232 591 2296 Elmsl.
617 2233 654 2298 ad
669 2233 759 2296 ·Eur.
781 2230 872 2296 Med.
896 2235 991 2298 1110.
1033 2231 1173 2298 Fortasse

244 2365 350 2407 veram
393 2338 557 2402 lectionem
592 2323 641 2419 ἦν
673 2337 801 2418 κυρῶν
833 2337 972 2404 librarius
1008 2341 1173 2424 explicavit

213 2523 215 2528 ,
243 2449 395 2531 adscripto
418 2432 549 2523 ἕκύρει,
571 2465 670 2528 eoque
689 2465 794 2508 ansam
813 2443 953 2528 praebuit
973 2446 1024 2508 alii
1046 2436 1099 2508 aiv
1120 2447 1172 2508 ad·

243 2553 387 2627 liciendi,
420 2570 499 2634 quae
528 2550 632 2613 tertius
658 2551 780 2633 quidam
807 2551 1055 2635 versuiquoquo
1081 2553 1172 2613 modo

187 2687 188 2692 ¹
243 2676 346 2746 aptans
366 2644 536 2731 ὣνκύμει
555 2653 685 2736 scripsit,
705 2677 813 2744 parum
833 2656 979 2720 sollicitus
1000 2659 1039 2718 de
1060 2658 1171 2720 omisso

243 2779 416 2850 augmento·
460 2755 511 2822 Cf·
537 2757 645 2821 Herm·
674 2757 698 2822 l‘·
723 2759 746 2822 l·
779 2783 810 2842 p·
839 2758 889 2826 13.
934 2762 1035 2825 Simili
1056 2765 1172 2825 ratione

242 2875 274 2936 in
301 2873 394 2954 Soph.
421 2868 530 2930 Trach.
550 2852 616 2927 786
659 2895 702 2912 -·
722 2881 788 2945 ’,με
815 2865 1039 2946 sparsuras
1068 2856 1171 2930 κάλει

242 2975 461 3042 restituendum
490 2986 535 3034 est
560 2969 664 3032 καλεῖ
685 2987 810 3058 propter
834 2973 970 3036 vividam
996 2973 1171 3036 narrationis

221 3147 222 3152 ,
242 3083 388 3147 indolem.
430 3075 481 3139 Cf.
495 3077 569 3138 Eur.
593 3075 705 3140 Bacch.
719 3075 793 3153 720,
813 3075 917 3161 ibique
938 3078 1045 3140 Herm.
1059 3079 1169 3140 Elmsl.

242 3203 273 3252 et
294 3184 405 3248 Mattlt.
428 3200 458 3245 et
469 3181 550 3281 Qed.
564 3187 638 3272 Tyr.
658 3178 752 3244 1245.
775 3219 814 3232 -υ
835 3183 906 3246 Ηιιο
927 3185 1079 3271 pertinent
1098 3184 1171 3260 duo,

241 3313 320 3380 quae
344 3291 405 3352 sols
427 3304 559 3361 exstant,
588 3287 722 3372 neglecti
751 3290 905 3373 augmenti
926 3288 1098 3371 temporalis
1119 3311 1183 3350 ert-—

241 3396 358 3480 emplas
372 3395 473 3482 soph.
484 3393 557 3456 Ant.
569 3392 635 3459 400
654 3379 795 3473 ταύτην
809 3390 928 3460 c’t'rtor
940 3383 1168 3458 adurensem.

237 3498 389 3568 Bruuclrii
429 3497 606 3562 facillimam
648 3499 892 3562 emendationem
924 3497 1021 3590 delcit!
1063 3520 1170 3562 omnes

195 3603 201 3618 ⁴
240 3608 425 3674 recentiores
457 3606 564 3668 merito
593 3619 785 3688 receperunt.
835 3603 991 3690 Nusquam
1021 3604 1106 3668 enim
1136 3605 1171 3666 in

240 3715 382 3778 trimetris
402 3709 539 3776 iambicis
560 3707 645 3773 ἴδον
667 3712 779 3796 legitur
805 3732 860 3794 pro
881 3707 988 3774 elder.
1019 3747 1061 3762 -
1091 3707 1169 3774 Eur.

175 3867 176 3872 κ
239 3817 339 3904 Iphig.
360 3821 450 3880 Taur.
471 3815 522 3880 53.
543 3807 656 3900 ’κᾶγώ
682 3815 814 3898 τέχνην
840 3803 944 3897 τήνδ’
972 3846 1013 3867 ·-·
1039 3811 1168 3896 τιμῶσ’

239 3913 419 4003 derasam
445 3912 570 3989 adrev.
620 3921 693 4009 Quo
726 3921 795 3990 loco
820 3923 886 3986 siue
913 3920 1105 3988 haesitatione
1125 3919 1170 3984 le·
