2726 4652
583 465 839 546 ...73-

245 665 345 729 riculis
365 679 462 726 re·-
476 661 553 741 ndi,
574 663 684 728 eodem
702 665 769 728 iere
789 663 890 740 modo,
909 683 969 748 quo
988 682 1021 725 v.
1041 660 1156 725 500³
1124 681 1173 732 εις

244 767 284 836 σὲ
244 762 389 854 σγὰρ
422 760 569 850 πομπόν
595 787 636 833 ιι
656 760 798 834 naveta
819 758 1024 852 ἅγγελον”
999 787 1088 848 num.
1131 769 1172 830 V.

243 878 356 954 Buttm,
377 892 409 940 et
427 875 630 940 Matthaeium
651 877 741 940 adh'.
755 876 784 939 l.
807 875 913 961 Itaque
934 863 1046 942 αὐτός
1065 895 1173 938 omnes

242 984 428 1046 recentiores
447 997 653 1060 servaverunt,
675 997 796 1067 praeter
816 981 959 1046 Bothium
975 997 1006 1045 et
1022 981 1172 1044 editorem

242 1085 463 1173 Weigelianae
530 1087 693 1173 Postquam
733 1091 821 1153 enim
862 1089 1000 1173 exposuit
1042 1085 1171 1176 Ulysses

241 1193 445 1278 Neoptolemo
466 1215 607 1280 magnam
627 1193 802 1272 utilitatem,
823 1216 915 1280 quam
935 1213 1063 1279 graecus
1084 1213 1170 1254 exer·

241 1302 319 1364 citus
339 1317 482 1387 capturus
502 1315 582 1366 esset
601 1323 640 1364 ex
660 1301 777 1365 insidiis
797 1301 875 1375 illis,
904 1297 1090 1361 Philoctetae
1118 1320 1170 1380 pa-

241 1407 362 1480 randis,
386 1407 450 1470 iam
477 1425 560 1470 nuno
586 1386 690 1472 transit
718 1409 756 1472 ad
784 1407 845 1472 duo
873 1405 1013 1490 iusignia!
1024 1405 1171 1496 praemia,

185 1575 187 1584 .
241 1535 320 1598 quae
340 1511 591 1596 Neoptolemus
581 1533 647 1596 ipse
668 1513 780 1576 errinde
799 1511 950 1578 ablaturus
970 1511 1025 1585 sit,
1047 1525 1116 1584 et,
1119 1524 1171 1582 ,tu

240 1621 383 1704 quidem,
405 1619 511 1702 inquit,
533 1617 667 1702 tibiipsi
689 1619 817 1704 gloriam
830 1619 997 1701 duplicem
1009 1619 1171 1716 prudentis

240 1726 333 1788 simul
366 1739 397 1788 et
430 1726 512 1788 sortis
548 1724 625 1798 viri,
655 1723 814 1808 parabis.“
867 1725 1007 1808 Namque
1039 1722 1170 1812 Ulysses

239 1829 477 1914 Neoptolemum
498 1830 600 1892 uereri
622 1844 720 1912 putat,
741 1851 782 1891 ne
803 1826 931 1892 alioruin
952 1829 1170 1903 tantummodo,

7 1981 8 2010 ι
124 1964 136 1978 =
239 1958 301 1999 non
321 1957 375 2002 sua
393 1935 489 2021 gratia
513 1933 573 1998 tale
593 1934 711 1998 lacinus
737 1949 932 2017 suscepturus
953 1936 1010 2012 sit,
1037 1935 1170 2018 ideoque

168 2117 170 2120 ¹
239 2044 491 2128 tergiversantem
526 2039 566 2102 ad
607 2041 785 2123 captandam
822 2040 951 2127 glorium
970 2043 1169 2104 exhortatur.

165 2169 169 2179 ·
241 2148 345 2234 Quam
365 2149 391 2213 si
410 2147 480 2234 quis
493 2145 666 2230 probaverit
685 2168 788 2210 meam
805 2125 1089 2231 qualemcumque
1080 2161 1170 2209 anter·

238 2256 459 2339 pretationem,
494 2254 555 2316 ianr
589 2273 662 2318 oum
695 2251 878 2315 Buttmanoo
906 2243 1018 2320 αὐτός
1047 2271 1168 2374 prorsus

240 2361 369 2422 otiosum
389 2379 453 2424 uon
478 2355 608 2422 vocabit.
651 2357 728 2452 ΠΙ)
744 2357 823 2422 Ibid.
843 2357 907 2422 521
927 2349 1002 2422 τότ’
1022 2351 1094 2442 otiu
1113 2353 1169 2420 ἔθ’

238 2453 351 2532 driade
368 2463 445 2530 τοῖς
465 2453 586 2545 λόγοις
612 2455 752 2533 τούτοις
774 2463 901 2548 φανῇς
943 2463 1008 2530 Ubi
1022 2435 1173 2529 Μιιιὶιιο

236 2585 313 2639 teste
333 2570 395 2632 duo
411 2567 512 2634 MSS.
532 2567 613 2645 libri,
631 2571 806 2634 Parisiensis
826 2570 1060 2646 etHarleianus,
1079 2595 1168 2660 prae·

237 2678 313 2741 bant
332 2665 459 2749 uitiatis,
480 2666 647 2760 omnesque
669 2694 742 2740 cum
763 2677 800 2739 iis
821 2679 893 2740 edd.
915 2692 1000 2752 vett,
1022 2680 1168 2776 quoniapn

235 2783 352 2848 librarii
380 2779 541 2846 articulum
567 2801 659 2865 aegre
689 2781 909 2848 desiderabant.
961 2782 1006 2846 Ita
1034 2783 1167 2869 legimus

236 2891 319 2974 apud
346 2889 486 2978 Thucyd.
513 2887 585 2962 111,
629 2886 690 2966 db,
732 2879 803 2968 ἐγὼ
830 2883 901 2968 μὲν
922 2873 990 2952 οὖν
1012 2883 1032 2954 ὁ
1054 2881 1167 2958 αὐτὸς

236 2993 311 3079 sipi
337 2995 383 3078 τῇ
402 2983 548 3078 γνώμῃ·
571 2993 612 3055 cf.
627 2991 699 3058 libr.
721 2995 753 3069 1,
772 2994 847 3058 140.
888 2992 969 3060 Oed.
993 2999 1067 3084 Tyr.
1089 2995 1165 3074 557,

235 3099 300 3168 nal
320 3097 393 3164 ver
415 3097 468 3162 ἔθ’
492 3089 604 3168 οἳύτὸς
624 3091 720 3180 alui,
751 3098 804 3164 ubi
827 3101 888 3163 duo
909 3103 1033 3168 codices
1053 3100 1167 3165 habeut

236 3198 352 3274 ὦύτός
373 3222 403 3268 et
429 3209 579 3290 adscripta
599 3221 644 3267 est
665 3206 764 3290 glossa
786 3197 959 3295 ὁλαύτᾶκ
1000 3230 1032 3272 v.
1053 3206 1165 3274 Elmsl

235 3327 267 3376 et
286 3303 422 3376 Erfurdt.
442 3344 484 3358 -
505 3295 585 3375 Eur.
603 3311 718 3374 Pboeu.
739 3311 814 3388 927,
835 3311 888 3376 ubi
909 3333 940 3376 r.
962 3311 1166 3378 Valckenaer.

235 3419 330 3482 Herc.
357 3419 416 3480 iur.
441 3415 523 3490 911,
550 3417 604 3481 ubi
632 3439 715 3480 nuno
743 3419 1016 3484 rectius-scribitur
1041 3408 1162 3487 citlrdt'

234 3527 315 3589 Nam
340 3511 471 3597 αὐτός,
508 3524 530 3586 i.
557 3543 587 3586 e.
615 3524 720 3606 ipse,
753 3524 877 3609 linguae
906 3527 974 3590 usui
1003 3539 1164 3610 repugnat,

234 3632 308 3694 lioet
329 3629 506 3717 germanice
527 3629 690 3694 commode
711 3630 817 3694 dicere
834 3633 998 3714 possimus:
1020 3645 1164 3708 „rumor

234 3737 308 3810 triciti
336 3738 413 3814 mtbt
441 3753 475 3800 tt
503 3735 643 3816 fetuum
690 3737 800 3822 Neque
828 3759 902 3800 vero
930 3735 1029 3799 Latini
1057 3737 1164 3800 dicunt

234 3845 411 3917 „hiohomo
432 3866 494 3905 non
513 3843 642 3926 amplius
660 3844 726 3925 ipse
748 3858 803 3915 est,
825 3843 881 3906 sed
902 3843 1043 3905 idem“.
1066 3840 1230 3922 Apud

235 3946 317 4013 Oed.
345 3953 419 4037 Tyr.
440 3946 505 4014 458
531 3937 734 4034 φανήσεται
755 3945 795 4012 δὲ
820 3945 921 4013 παισὶ
949 3951 1023 4018 τοῖς
1044 3939 1163 4011 αὐτοῦ
