2720 4650
507 468 754 532 ...13-

171 661 283 723 tionem
303 660 388 724 illam
408 659 583 746 impugnet3
617 661 650 722 id
670 657 752 744 quod
769 659 933 722 Elmsleius
964 675 995 723 et
1014 657 1090 724 ller-
1200 681 1204 692 ·

171 785 297 828 manuus
321 767 461 830 iecerunt
482 767 608 852 quidem
635 767 673 828 ad
702 763 783 828 Oed.
807 763 875 828 Col.
896 763 960 839 43,
990 788 1092 852 neque

171 884 271 934 tamen
295 871 336 935 ita
353 894 514 958 prospere,
542 886 574 934 ut
595 893 663 934 eam
686 871 905 935 convellerent.
948 872 1092 952 Accedit,

170 976 251 1061 quod
270 978 339 1065 ipse
358 977 553 1042 Hermaunus
575 979 613 1042 ad
637 979 731 1060 Soph.
751 977 830 1040 Phil.
853 977 926 1051 888,
949 979 987 1042 ad
1009 975 1092 1045 Oed.
1184 1051 1189 1060 ,

172 1078 239 1146 Col.
256 1081 344 1148 1174
363 1100 393 1148 et
408 1083 494 1148 teto
514 1085 701 1169 aliquatenus
721 1083 759 1145 ad
779 1081 908 1169 Reisigii
930 1101 1092 1175 praecepta

172 1209 238 1252 sese
265 1184 525 1268 accommodavit,
549 1191 634 1253 etin
663 1191 796 1260 secunda
824 1189 929 1252 Aiacis
958 1191 1091 1255 editione

170 1294 306 1380 regulam
344 1297 419 1360 olim
453 1298 638 1386 propositam
674 1295 783 1358 omisit.
837 1291 888 1358 Gi.
928 1299 1019 1360 eund.
1052 1301 1091 1362 ad

170 1400 273 1488 Viget.
294 1425 326 1486 p.
335 1403 410 1478 818,
430 1400 504 1480 944,
524 1425 569 1488 sq.
581 1397 699 1488 Reisig.
721 1423 752 1484 p.
765 1400 839 1475 118,
860 1423 904 1493 sq.
922 1402 1089 1467 Wellauer.

169 1507 206 1570 ad
225 1506 339 1574 Aesch.
363 1506 501 1594 Choeph.
522 1506 597 1572 578.
638 1541 682 1555 -
715 1506 816 1571 Recte
836 1506 928 1593 igitur
947 1497 995 1570 ἄν
1014 1512 1045 1572 h.
1067 1509 1090 1575 l.

169 1615 262 1677 omitti
291 1615 440 1698 potuisse,
466 1615 680 1700 vulgatumque
707 1617 886 1680 servandam
914 1637 979 1681 csse
1006 1616 1092 1680 duxit

169 1709 371 1786 Wellauerus.
384 1743 424 1775 έ-
440 1718 531 1806 Quae
551 1723 659 1784 eadem
681 1722 721 1784 de
743 1744 777 1784 re
797 1721 978 1785 difficillima
999 1743 1092 1811 expo·

168 1827 225 1888 suit
250 1823 436 1891 Matthiaeus
474 1829 511 1891 ad
544 1828 620 1891 Eur.
651 1827 747 1916 Hipp.
780 1823 855 1901 468,
886 1828 957 1914 vagi
985 1830 1090 1892 nescio

168 1931 241 2016 quid
262 1947 293 1994 et
311 1933 419 1996 incerti
441 1935 598 1997 continere
619 1936 770 2007 videntur,
791 1935 923 2017 ideoque
949 1933 1090 1998 Elmsleii

167 2037 307 2122 exempla
326 2039 365 2101 ad
385 2037 546 2102 Matthiaei
567 2055 728 2132 praecepta
745 2041 870 2124 exigere
891 2059 927 2102 ac
949 2039 1090 2125 digerere

115 2157 119 2164 ‘
167 2145 233 2208 sine
253 2145 447 2208 haesitatione
467 2167 529 2208 non
548 2167 681 2228 possum.
710 2143 884 2228 Quomodo·
893 2145 986 2220 euim,
1008 2146 1089 2229 quod
1152 2149 1182 2198 ἦ

167 2254 260 2332 dicit,
286 2241 335 2315 tir
366 2252 526 2336 designare
548 2249 793 2332 consequentiam
807 2237 1006 2332 conditionis,
1035 2273 1089 2313 seu
1132 2305 1133 2308 ,

165 2361 215 2438 id,
244 2361 324 2446 quod
345 2359 411 2422 fieri
433 2357 565 2432 dicatur,
596 2357 621 2418 si
642 2353 725 2418 aliud
747 2354 818 2440 quid
842 2355 954 2416 factum
975 2356 1028 2428 sit,
1049 2356 1090 2420 ita

164 2482 198 2530 ut
217 2467 365 2550 optativus
385 2485 490 2547 perse
511 2484 578 2524 rem
598 2461 758 2546 cogitatam
777 2461 983 2523 tantummodo
998 2461 1091 2547 signi·

163 2564 253 2646 ficet,
271 2571 422 2657 quomodo
442 2574 518 2644 hoc,
539 2570 680 2653 inquam,
706 2567 739 2628 in
758 2567 841 2627 hunc
862 2566 965 2650 locum
986 2563 1090 2630 catitt

164 2681 249 2742 Num
270 2680 422 2750 dicamus,
451 2678 489 2740 ad
510 2672 640 2750 κλέψεθ
666 2662 715 2735 dr
742 2672 947 2756 supplendum
967 2695 1039 2764 csse·
1057 2673 1089 2750 cl
1111 2719 1115 2734 .

163 2782 228 2848 nai
249 2773 438 2865 βούλοιτο,
465 2781 517 2844 vel
539 2781 638 2844 simile
659 2781 731 2865 quid
743 2823 753 2853 ,
774 2803 813 2842 an
833 2776 992 2852 κλέψειεν
1022 2801 1089 2842 rem

163 2891 323 2975 cogitatam
346 2889 549 2951 tantummodo
570 2880 763 2972 significaret
804 2860 946 2947 Alterum
962 2884 1039 2947 illud
1058 2890 1090 2951 ei

162 2995 398 3080 praeferendum
425 2994 543 3066 videri,
576 2992 770 3077 grammatica
799 2990 865 3053 eius
897 2991 1033 3064 ostendit
1057 3015 1088 3076 p.

163 3102 239 3166 113.
275 3097 505 3176 „Memorabile
526 3113 581 3176 est,
603 3098 652 3169 ait,
675 3084 755 3179 qdod
778 3115 794 3156 ε
815 3097 924 3157 tertiae·
940 3118 1088 3178 personae

164 3206 240 3291 Opt.
266 3205 342 3268 Aor.
374 3205 398 3266 I.
428 3192 501 3267 Act.
530 3221 576 3265 eze
599 3205 751 3266 rarissime
779 3202 858 3284 apud
886 3201 1086 3292 Aeschylum,
1134 3233 1138 3242 ‚

163 3316 247 3395 (uam
266 3309 404 3396 Choeph.
420 3307 482 3372 841
494 3310 660 3394 legendum
674 3309 842 3391 putaverim
866 3297 963 3370 οὗτοι
983 3304 1086 3392 φρέν’

161 3411 213 3482 ἂν
248 3415 416 3493 nudetur
457 3407 740 3497 ὠμματωμένην
748 3415 781 3492 ,)
828 3414 1012 3498 Sophoclem
1057 3432 1088 3479 et

153 3509 399 3614 ¹Aristophanem
419 3543 585 3608 nusquam,
614 3521 695 3604 apud
715 3521 897 3610 Euripidem
918 3520 1014 3584 semel
1033 3520 1087 3582 eli-

160 3634 244 3696 ditur
266 3628 369 3695 orest.
386 3627 463 3693 700.
505 3624 651 3695 Ceterum
671 3640 809 3702 nonest,
832 3625 913 3711 quod
934 3645 1086 3699 moneam,

146 3727 227 3817 me,
244 3739 318 3803 licet
337 3740 396 3800 hoc
418 3733 594 3819 exemplum
608 3731 758 3796 Elmsleio
779 3729 1011 3796 condonandum
1031 3751 1086 3812 pu·

54 3875 57 3883 ·
159 3859 243 3920 tem,
265 3859 367 3908 tamen
390 3842 460 3906 ideo
481 3839 605 3904 dubiam
625 3837 732 3901 tertiae
751 3856 899 3922 personae
925 3832 1086 3898 elisionem

158 3950 298 4012 noudum
318 3969 441 4034 prorsus
463 3967 593 4034 negare,
613 3945 728 4031 quippe
749 3966 840 4036 quatu
860 3964 901 4006 ue
922 3939 1087 4006 Elmsleius
