2726 4652
553 417 936 564 wir-'-x

245 682 423 765 cogitaverit
442 679 482 742 de
503 677 638 744 crasibus
658 697 720 746 tam
740 680 877 744 ridiculis
898 679 1080 767 fingendis),
1104 681 1175 746 teliu

140 829 145 844 .
245 787 393 871 colligere
414 787 546 872 potuerit
566 785 783 860 Schneiderus,
804 786 837 848 id
857 787 983 870 quidem
1004 789 1175 853 accuratius

245 891 332 955 uobis
353 891 496 973 explicet.
527 889 608 954 'Hoc
635 906 749 955 tuntum
770 893 893 968 scimus,
916 892 1077 968 articulum
1097 914 1174 954 nun-

214 1065 223 1080 *
245 1021 337 1082 quum
351 997 573 1082 colliquescere
586 1015 659 1058 cum
676 1013 846 1081 sequentez
865 1013 941 1072 etv,
963 1012 1175 1081 praeterquam

245 1105 278 1166 iu
305 1090 520 1182 θοίμάτιον,
548 1090 717 1180 cedomi,
751 1092 952 1183 Sulpicium,
979 1093 1174 1179 sodomus,
1251 1135 1254 1156 ι

245 1231 265 1270 e
294 1208 403 1292 quibus
436 1207 544 1271 lormis
570 1207 717 1270 anomalis
747 1229 809 1270 non
843 1223 928 1272 recte
953 1209 1108 1294 colligitur
1133 1209 1175 1270 de

245 1315 365 1395 ceteris.
411 1345 452 1360 -
495 1313 630 1376 Accedit
660 1311 819 1398 Apollonii
847 1310 978 1402 Dyscoli
1004 1315 1175 1388 auctoritas,

245 1441 339 1502 quem
352 1438 382 1482 v.
399 1417 581 1482 in'Beldreri
596 1420 740 1484 Auecdd.
755 1419 786 1496 1,
805 1441 837 1502 p.
848 1417 923 1492 495,
945 1417 999 1492 21,
1019 1416 1174 1482 etButtm.

245 1525 328 1586 Add.
338 1525 375 1585 ud
386 1548 483 1610 gr.gr.
497 1549 526 1608 p.
541 1523 615 1599 392,
637 1547 724 1610 quae,
739 1526 796 1588 nisi
808 1525 905 1598 fallor,
920 1524 1071 1608 aliquanto
1082 1527 1174 1587 maio-

246 1633 286 1692 ris
305 1631 488 1694 oestimandu
502 1647 562 1719 est,
584 1653 675 1715 quum
686 1624 830 1714 Gregorii
839 1625 998 1706 Corinthii·
1019 1651 1115 1714 quem
1126 1650 1175 1693 su·

245 1759 300 1818 pra
316 1735 516 1800 laudavimus.
539 1735 628 1800 Haec
648 1757 722 1796 vero
741 1735 859 1817 antiqua
878 1751 910 1797 et
930 1734 1024 1818 proba
1045 1737 1175 1799 cresium

246 1842 393 1924 scripturo
414 1863 509 1924 quum
529 1839 567 1904 ab
582 1841 674 1903 alteru
687 1841 749 1912 illa,
772 1861 791 1900 e
812 1839 946 1903 Iouismo
967 1842 1069 1924 petito,
1089 1840 1175 1924 paul·

245 1947 330 2009 latim
351 1945 517 2010 oblitterata
537 1961 634 2020 esset,
655 1944 777 2026 ,librarii
805 1948 884 2008 hauc
904 1947 1052 2024 ionicam,
1077 1947 1176 2030 magis

245 2051 453 2126 sollemnem,
473 2075 564 2136 quum
582 2052 705 2114 unicam
727 2054 1034 2129 fortusse--itoveront‚
1060 2052 1176 2114 inferre

246 2159 396 2231 solebant,
418 2155 594 2242 ubicunque
614 2158 775 2221 articulum
795 2159 904 2221 deesse
924 2178 986 2218 nou
1007 2177 1096 2248 posse
1119 2179 1176 2240 pu·

247 2244 354 2328 labarit.
396 2264 507 2347 Neque
527 2265 645 2337 silentio
667 2263 930 2345 praetermittenda
950 2277 997 2328 est
1015 2261 1176 2346 Inscriptio

142 2408 148 2424 κ
248 2371 359 2456 Sigea,
403 2368 456 2433 ubi
489 2369 601 2454 legitur
641 2369 1175 2433 ΗΑΙΣΟΠΟΣΚΑΙΗΛΛΕΛ·

253 2475 404 2550 ΦΟΙ,”ἰ.
430 2499 460 2537 e.
488 2466 507 2536 ri
535 2472 700 2542 Αἴσωπος
724 2474 787 2538 nul
818 2471 853 2538 oi
879 2467 1033 2557 ἀδελφοί
1040 2521 1052 2550 ,
1084 2495 1175 2560 quatu

248 2595 354 2643 testem
384 2581 512 2642 minime
540 2583 793 2644 contemnendam
820 2595 925 2646 censet
943 2566 1117 2644 Lobeckitis
1137 2583 1175 2644 ud

246 2686 299 2747 Ai.
325 2683 356 2748 9.
399 2686 511 2769 Neque
531 2684 622 2746 aliter,
640 2682 675 2746 oi
695 2679 853 2766 ἀγαθοί,
886 2685 925 2748 ai
946 2680 1110 2770 ἀγαθαί,
1141 2685 1175 2748 ol

248 2789 341 2871 ἐμοὶ,
360 2791 485 2864 similia,
513 2813 570 2874 per
590 2793 704 2863 cresin,
726 2794 785 2854 nisi
804 2794 837 2854 in
855 2794 945 2856 aliam
962 2796 1176 2876 diversumque

173 2880 178 2890 ¹
247 2915 401 2974 naturam,
424 2899 590 2961 consociari
613 2900 762 2981 potuisse,
783 2899 803 2961 i.
824 2921 852 2961 e.
880 2893 1041 2982 d’pudol,
1065 2901 1122 2974 (ita
1145 2900 1176 2960 iu

250 3009 341 3086 Soph.
365 3003 444 3066 Plril.
464 3001 528 3066 873
552 3025 664 3089 magno
686 3025 834 3067 consensu
856 3027 938 3068 nunc
960 3007 1084 3089 quidem
1111 3005 1176 3066 edi·

249 3113 367 3172 derunt
393 3112 597 3186 recentiorem
639 3109 837 3192 Buttm'auuus
867 3114 986 3194 scripsit
1006 3103 1175 3191 ὦγαθοί,

250 3215 456 3278 Schneiderus
466 3237 629 3298 perperam
649 3212 684 3276 oi
705 3209 1029 3300 ’γα901),ἆγα9α1,
1053 3209 1174 3297 ὁύμοί,

247 3324 408 3386 uerissime
439 3319 593 3405 Reisigius
627 3325 744 3416 mpuuit
777 3325 810 3384 in
837 3325 923 3408 Syut.
957 3321 1032 3385 Crit.
1061 3347 1092 3407 p.
1116 3323 1175 3387 23:

248 3475 269 3503 ‚,
289 3429 365 3490 Suut
386 3427 471 3488 enim
493 3427 610 3491 articuli
634 3419 672 3502 d,
694 3420 743 3508 ἠ,
765 3426 815 3505 αἱ,
842 3427 876 3492 οἱ
897 3432 1062 3514 procliticis
1083 3453 1177 3492 aunu-

248 3534 403 3610 merendi,
434 3536 476 3611 (v.
499 3526 647 3618 Go'ttliug.
669 3534 708 3596 de
730 3551 858 3600 accentu
888 3559 920 3620 p.
941 3533 1045 3613 111),
1073 3559 1190 3623 neque!

248 3644 368 3724 propriu
397 3662 450 3704 sue
477 3639 510 3701 vi
530 3654 654 3721 possunt
674 3641 860 3725 insequentis
881 3641 1023 3706 vocabuli
1042 3645 1175 3719 initium,

212 3727 216 3733 ’
247 3750 280 3808 in
302 3768 362 3830 quo
382 3747 535 3819 nituntur,
563 3746 698 3810 funditus
720 3738 912 3810 ulisurlrere.“
956 3745 1102 3812 Ceterum
1124 3753 1176 3835 qui

248 3851 384 3916 scribere
406 3850 524 3924 volent,
546 3848 580 3911 oi
598 3851 740 3931 ²7a90t,
760 3851 802 3914 ui
823 3852 968 3936 ’γαθαῄ
988 3855 1084 3920 iidem
1104 3857 1176 3919 sori-

248 3956 324 4019 bere
362 3955 518 4020 debebunt
552 3957 619 4022 τοῦ
657 3949 799 4038 ’νδρός,
853 3951 906 4046 τῴ
944 3959 1041 4044 ’popl
1072 3975 1176 4026 contro
