2726 4652
514 484 563 500 -..
612 451 686 532 109
735 481 785 502 ι..-

190 639 386 724 maxiani,
425 642 478 707 ..u
510 647 612 709 ...nn
651 601 791 817 oeno&
827 598 916 712 una.
941 646 1116 714 uranon...
1242 651 1255 674 s

176 739 325 832 'reposuit
345 748 426 828 νίν,
453 753 568 836 quippe
589 755 640 838 qui
662 775 735 818 enm
786 751 958 841 alekenario
980 757 1018 820 ad
1038 757 1115 820 Eur.

189 855 316 939 Hippol.
338 856 423 923 1253
444 855 511 940 μίν
535 883 551 922 n
572 859 693 944 tragicis
714 862 904 944 repudiatum
928 861 1022 927 fuisse
1043 883 1116 926 cen·

143 1015 168 1032 .,
189 979 262 1036 seat,
285 987 418 1050 eumque
439 967 557 1050 sequuti
579 982 647 1032 suut
668 970 788 1031 Schittz.
807 983 837 1031 et
856 965 980 1042 Btomf„
1001 970 1117 1052 optime

187 1088 376 1156 repugnante
394 1073 578 1146 Wellauero.
602 1070 652 1136 Cf.
673 1076 765 1137 Eum.
779 1073 854 1151 621,
874 1073 927 1138 ubi
946 1077 1116 1154 Solonius,

147 1238 150 1243 .
187 1203 281 1266 quern
304 1204 334 1246 v.
363 1180 402 1246 ad
422 1181 523 1256 Pron.
545 1179 605 1258 55,'
626 1203 733 1266 parum
760 1179 817 1244 sibi
844 1155 999 1258 construi,
1028 1183 1115 1270 vulg.
1239 1221 1242 1240 .

187 1283 254 1367 μίν
272 1290 404 1362 retinuit,
426 1305 456 1352 et
478 1290 571 1372 Soph.
593 1293 702 1352 Trach.
725 1287 798 1352 388.
821 1319 861 1334 ··-
884 1289 999 1351 Eleon.
1014 1288 1058 1352 21
1073 1325 1116 1340 --

148 1385 235 1460 “uit
261 1389 412 1460 ἐνταῦθ’
443 1391 566 1478 ἒμὲν,
591 1393 642 1461 ἵν’
665 1389 732 1460 οὐκ
761 1388 807 1459 ἔτ’
832 1391 955 1459 ὀκνεῖν
976 1385 1115 1474 καιρὸς,

187 1491 270 1566 ἀλλ’
301 1497 422 1585 ἔργων
451 1493 568 1587 ἀκμή,
602 1527 693 1590 quam
726 1503 928 1588 plurimorum
965 1502 1116 1586 librorum

101 1639 105 1644 ¹
171 1609 353 1673 ”lectionem
379 1626 465 1674 recte
493 1625 676 1694 receperunt
702 1607 839 1672 Brunck.
864 1607 973 1672 Herm.
1001 1605 1115 1672 Maon

184 1731 217 1778 et
237 1717 352 1779 Wunl.
374 1747 413 1767 -·
436 1712 556 1798 ἐσμέν,
586 1719 705 1781 atticam
726 1719 855 1779 formam
878 1717 968 1778 etiam
990 1717 1115 1780 codices

183 1822 323 1885 nonnulli
342 1821 499 1906 praebent,
519 1823 575 1888 sed
597 1823 763 1908 disperdite
783 1838 891 1887 metro.
936 1821 1060 1887 Dawes.
1082 1825 1116 1885 in

138 1949 141 1956 ·
182 1925 323 1993 Miscell.
339 1927 414 1991 Crit.
436 1953 467 2012 p.
481 1929 556 1992 282.
578 1931 711 1994 coniecit
734 1927 833 2010 ἴμεν,
856 1929 1015 2014 probatum
1036 1930 1115 1993 illud

181 2027 337 2098 Erfu'rdtio
359 2051 390 2098 et
411 2036 586 2098 Schaefero.
620 2035 833 2107 Hermanno,
861 2035 935 2097 licet
954 2036 1006 2097 vir
1029 2049 1117 2118 putet

183 2141 369 2226 Sophoclem
388 2139 523 2206 scribere
545 2141 678 2224 potuisse
698 2137 802 2221 ἐμέν,
822 2155 924 2204 tamen
931 2184 941 2214 ,
968 2155 1002 2202 ut
1024 2142 1057 2202 in
1078 2163 1115 2204 re

182 2248 314 2324 ineerta,
340 2269 403 2310 non
428 2269 518 2312 ausus
546 2261 590 2310 est
609 2247 772 2333 quidquam
796 2263 922 2311 mutare.
947 2239 1113 2311 'Ceterum

180 2349 266 2435 ἐμέν
293 2355 430 2440 agnoscit
457 2355 486 2416 h.
509 2352 531 2415 l.
562 2350 653 2416 etiam
679 2352 811 2429 Buttm,
838 2361 932 2436 quem'
958 2373 989 2417 r.
1007 2353 1043 2414 in
1064 2375 1112 2441 gr.
1203 2379 1205 2389 ·

116 2479 119 2483 ·
181 2484 226 2546 gr.
249 2463 276 2538 §.
298 2461 377 2536 108,
399 2475 460 2522 not.
484 2458 536 2521 15.
558 2491 600 2507 -
624 2461 736 2521 Trach.
756 2457 801 2522 24
819 2449 891 2542 ἐγὼ
909 2446 987 2542 γὰρ
1008 2447 1113 2540 ἤμην

179 2553 606 2650 ἕκπεπληγμένηφὸβῳ,
636 2562 690 2627 ubi
720 2561 1006 2629 ν.“801ιιιείἀετιιιπ.
1050 2562 1112 2630 Cui

94 2659 98 2668 ⁴
179 2675 322 2749 lectioni,
352 2673 493 2736 aSchol.
514 2670 604 2735 Rom.
627 2672 717 2750 etiam
742 2681 945 2749 memoratae,
970 2669 1111 2738 nonnulli
1221 2689 1224 2694 '

178 2782 365 2845 recentiores
391 2779 596 2866 praetulerant
623 2768 744 2861 ἥμηνς
785 2778 866 2840 haud
889 2781 952 2842 scio
978 2802 1021 2849 an
1048 2802 1110 2841 non

179 2903 272 2950 reete.
295 2885 453 2975 Phrynp.
466 2884 529 2948 152
550 2874 668 2966 ἤμην,
694 2885 743 2958 ait,
766 2881 797 2945 εἰ
818 2879 881 2946 καὶ
903 2877 1111 2963 εὑρίσκεται

178 2984 282 3074 παρὰ
306 2983 381 3060 ’τοῖς
407 2983 589 3070 ἄρχαίοις,
625 2983 691 3057 otiu
710 2988 819 3069 ἐρεῖς,
850 2982 932 3050 ἀλλ’
955 2974 1005 3072 ἦν
1024 2977 1108 3072 ἐγώ,
1179 2987 1182 2992 ’
1229 3057 1232 3068 ,

39 3137 44 3144 ·
159 3100 232 3163 'ubi
248 3121 279 3163 v.
292 3095 446 3172 Lobeck.;
463 3099 502 3159 uf.
521 3095 634 3159 Buttm.
657 3120 703 3184 gr.
719 3120 765 3182 gr.
787 3097 814 3178 §.
831 3095 903 3168 108,
926 3111 986 3157 not.
1001 3096 1053 3160 13.
1067 3129 1108 3142 -

179 3206 274 3288 Soph.
301 3203 356 3266 Αἱ.
383 3203 446 3268 669
476 3195 531 3268 ὅτ’
565 3193 695 3285 &pispir
730 3192 854 3284 ἤμην,
897 3197 934 3270 ἐς
963 3191 1107 3268 τοσόνδ’
1220 3243 1229 3266 s

177 3307 404 3393 ε’χᾶραντέος,
426 3308 479 3374 ubi
499 3331 583 3373 nuuc
601 3312 726 3398 quidem
747 3332 786 3376 ex
807 3310 1019 3373 emendatione
1040 3311 1109 3372 Kit-

177 3418 250 3482 steri
271 3419 351 3502 apud
373 3438 478 3482 omnes
501 3411 614 3505 legitur
637 3410 740 3502 ἡμῖν.
771 3418 835 3480 Sed
856 3417 1011 3503 vulgatam
1032 3417 1108 3499 opti·

176 3547 229 3588 me
257 3515 395 3588 defendit
415 3539 512 3609 atque
529 3525 705 3608 explicavit
725 3523 931 3587 Schneiderus
952 3525 984 3585 in
1004 3522 1108 3585 notula

175 3629 327 3700 editionis.
369 3628 494 3693 Ponitur
515 3631 599 3694 eninr
618 3631 728 3715 passim
750 3645 870 3714 tempus
890 3629 1106 3712 imperfectum

174 3736 245 3800 loeo
265 3739 450 3822 praesentis,
478 3738 532 3801 sed
560 3739 601 3800 ita
620 3738 822 3823 plerumque,
847 3751 880 3798 ut
902 3755 939 3796 eo
961 3734 1106 3816 temporis

47 3870 50 3879 Δ
175 3843 328 3926 quoddam
349 3846 477 3929 spatium
499 3843 696 3932 significetur.
722 3839 772 3906 Cf.
786 3842 942 3906 Schaeler.
963 3841 1002 3906 ad
1024 3837 1105 3905 Oed.

176 3945 245 4013 Col.
273 3947 370 4015 1697.
419 3947 569 4031 Accedit,
597 3951 677 4038 quod
703 3947 955 4041 Etymologieum
984 3945 1039 4020 Μ.
1066 3945 1105 4012 ab
1137 3965 1147 3978 ⁵

905 4076 913 4106 Ι
