2726 4652
288 417 312 532 1,
362 445 383 542 ⁸,
499 445 633 532 ···
680 449 830 556 90·“·ᾒ

250 643 304 707 ills
316 643 466 726 exempla,
483 648 565 728 qnae
585 643 618 706 in
638 641 925 728 quadringentorum
942 595 1179 730 ieresemuum,
1200 621 1203 626 ¹

118 803 122 812 .
180 835 183 842 ⁴
251 765 409 834 anapaesto
444 749 673 832 incipientium,
707 745 900 812 multitudine
919 747 992 816 ‚oola
1025 766 1110 823 sunt,
1142 750 1180 813 in

250 853 360 940 quibus
381 869 577 940 augmentum
599 851 806 938 compedem
831 851 936 926 iaciat,
966 868 1055 938 atque
1075 856 1181 918 facere

252 958 378 1036 debeat,
411 977 506 1046 quum
539 961 607 1026 sine
635 957 690 1022 illo
721 957 814 1020 valde
832 956 952 1042 ,debilia
980 976 1069 1045 atque
1095 961 1180 1040 omni

251 1067 349 1129 nervo
370 1063 507 1130 destituta
528 1080 629 1132 essent
655 1085 762 1128 eorum
789 1064 883 1127 initia.
926 1065 990 1128 Sed
1017 1067 1050 1128 in
1077 1064 1181 1129 verbis

251 1171 517 1245 minus-fortibus,
546 1175 624 1258 qnae
644 1191 707 1232 non
728 1185 829 1232 esseut
851 1189 931 1232 voce
951 1171 1111 1256 erigenda,
1134 1193 1180 1234 se·
1291 1160 1298 1174 ’

249 1267 324 1339 'dulo
345 1277 453 1342 vitatus
473 1277 568 1344 fuisse
589 1275 761 1344 videturin
779 1276 880 1361 primo
896 1276 977 1361 pede
992 1291 1182 1359 anapaestus,
1244 1273 1247 1280 ⁴

252 1385 305 1466 qui
324 1395 364 1446 'ox
383 1383 538 1470 augmenti
555 1381 731 1446 accessione
751 1381 890 1447 oriretur.
931 1379 971 1444 V.
986 1381 1096 1476 Herm.
1117 1380 1139 1445 l.
1157 1383 1180 1444 l.

253 1509 284 1571 p.
293 1485 346 1562 19,
364 1486 425 1563 463
447 1491 479 1550 in
491 1488 594 1551 Elem.
609 1486 638 1550 d.
653 1508 698 1552 m·
708 1508 740 1570 p.
754 1485 834 1564 1213
856 1487 1036 1552 Schneider.
1048 1488 1081 1550 in
1095 1508 1182 1570 prae·

15 1595 18 1612 '
104 1603 141 1688 ι’
253 1597 303 1656 fat.
326 1595 364 1656 ad
386 1595 479 1678 Soph.
500 1591 555 1656 Αἰ.
580 1613 611 1675 p.
631 1591 664 1656 8.
705 1591 927 1658 Verumtamen
947 1592 1040 1656 etiam
1060 1592 1183 1656 fortiora

254 1699 358 1772 verba,
379 1697 538 1784 inquibus
556 1698 712 1781 augmenti
727 1699 862 1764 accessio
879 1721 942 1762 non
961 1699 1034 1761 lacit
1054 1715 1182 1782 anapae·

130 1817 175 1900 s..
254 1821 347 1881 stum,
370 1805 403 1866 in
424 1803 575 1886 principio
596 1823 743 1868 versuum
763 1791 835 1866 cum
861 1807 894 1867 vi
919 1802 1049 1888 quadam
1077 1803 1183 1886 posita,

189 1955 193 1962 -
254 1931 359 1974 carere
378 1923 501 1992 possunt
521 1903 696 1994 augmento,
716 1923 749 1971 ut
767 1908 850 1976 iniis
868 1907 963 1983 locis,
983 1930 1061 1992 quae
1074 1909 1181 1972 Herm.

253 2016 319 2092 Ll.
358 2037 388 2099 p.
410 2013 454 2079 32
489 2014 626 2100 egregie,
644 2014 852 2097 pertractavit3
894 2035 927 2079 v.
953 2011 1031 2079 Eun
1067 2013 1183 2080 Bacch.

255 2119 358 2198 1076,
401 2121 496 2204 Soph.
522 2116 603 2192 Oed.
630 2116 699 2184 Col.
722 2117 825 2198 1604,
861 2119 976 2184 Aesch.
997 2119 1081 2185 Pers.
1106 2119 1182 2198 413,

254 2225 329 2294 504.
372 2227 410 2290 In
430 2219 609 2292 universum
628 2227 728 2292 omnis
747 2207 904 2312 augmenti
922 2227 957 2289 iu
979 2229 1078 2310 primo
1099 2229 1183 2311 pede
1252 2223 1259 2235 '

255 2355 325 2397 usus
344 2333 607 2410 sola-numerosae
617 2333 757 2400 orationis
770 2332 979 2398 obseruatione
995 2333 1100 2398 sedula
1115 2335 1188 2420 regi

255 2441 385 2502 videtur.
404 2461 463 2489 ·-
484 2436 652 2512 ,Ceterum
680 2439 781 2502 omnia
806 2439 892 2514 fere,
921 2460 999 2524 quae
1020 2438 1182 2525 attulimus,

157 2552 162 2558 '
181 2555 203 2630 ,¹
235 2545 405 2612 ..eiusmodi
430 2559 516 2618 sunt,
548 2560 580 2607 ut
599 2567 660 2608 non
678 2539 795 2618 temere
813 2545 846 2606 in
861 2543 941 2620 ‚alios
961 2545 1183 2630 tragoediarum

255 2649 339 2712 locos
353 2650 470 2724 cadant,
491 2671 582 2732 quam
600 2651 633 2711 in
653 2649 817 2732 longiores,
838 2651 1012 2716 nuntiorum
1022 2651 1182 2733 imprimis,

255 2756 460 2830 narrationes,
490 2759 537 2829 (v.
558 2753 665 2818 Herm.
692 2754 714 2817 1.
735 2752 758 2815 l.
779 2777 811 2837 p.
832 2754 892 2830 51)
924 2779 1009 2842 quae
1033 2755 1183 2840 plurimae

255 2861 399 2946 leguntur
419 2861 452 2922 in
468 2859 618 2951 Aeschyli
639 2858 751 2934 Persis,
773 2861 932 2944 Sophoclis
948 2860 1071 2946 Oedipo
1093 2859 1184 2926 Colo·

254 2989 315 3032 neo
335 2983 424 3052 atque
450 2967 605 3051 Euripidis
625 2967 764 3032 Bacchis.
815 2964 1025 3053 Quamobrem
1050 2968 1184 3032 Seidleri

256 3072 426 3138 observatio
446 3075 499 3136 illa
520 3063 643 3139 omnino
663 3073 767 3150 habet,
787 3096 847 3158 quo
868 3077 995 3149 nitatur3
1015 3073 1093 3161 quae
1109 3097 1183 3160 quo·

254 3176 346 3240 modo
357 3179 554 3265 intelligenda
572 3182 619 3257 sit,
640 3200 722 3244 nunc
744 3163 869 3244 demum
883 3182 1077 3245 Hermaunus
1099 3196 1184 3246 tecte

255 3285 394 3345 ostendit.
437 3283 566 3371 Reisigii
588 3288 760 3360 sententia,
777 3287 817 3348 de
843 3289 1007 3352 omissione
1027 3289 1184 3372 augmenti
1221 3371 1228 3380 ·
1300 3269 1304 3276 .

255 3373 379 3474 prolata,
399 3413 461 3452 non
483 3375 596 3476 ubique
618 3392 739 3458 sufficit.
772 3394 852 3456 Nam
875 3393 1024 3476 peimulta
1045 3395 1185 3480 graviora

166 3562 169 3568 ,
252 3495 349 3562 uerba
370 3497 512 3576 instructa
533 3513 602 3561 sunt
629 3515 809 3583 augmento,
836 3515 926 3584 atque
949 3500 1028 3574 alia,
1062 3501 1129 3562 sine
1151 3499 1199 3582 vi„

253 3605 497 3685 pronuncianda,
526 3622 688 3689 augmento
716 3607 847 3688 carentia
875 3628 999 3672 versum
1024 3605 1185 3689 incipiunt.

189 3757 193 3768 .
226 3716 232 3728 '
254 3707 307 3772 De
326 3709 434 3795 quibus
448 3709 587 3774 omnibus
603 3735 696 3797 quum
711 3714 763 3776 vix
777 3713 936 3796 quisquam
956 3711 1073 3776 doctius
1093 3725 1187 3794 atque

254 3818 422 3880 accuratius
441 3817 538 3880 adhuc
551 3817 757 3900 disputaverit,
777 3841 867 3904 quam
881 3819 1085 3889 Hermmuua
1107 3813 1187 3900 qnae
1239 3827 1243 3835 “

254 3919 309 3994 ille
327 3925 481 4006 exposuit,
502 3923 562 3988 iam
573 3923 642 3990 aliis
661 3924 763 3992 verbis
780 3925 888 3991 iterate
905 3923 1056 3989 nolumus.
1070 3959 1109 3974 -υ
1132 3917 1185 4008 Ci.
1212 3997 1216 4004 1
