<?xml version="1.0" encoding="UTF-8"?>
<!DOCTYPE html PUBLIC "-//W3C//DTD XHTML 1.0 Transitional//EN"
    "http://www.w3.org/TR/xhtml1/DTD/xhtml1-transitional.dtd">
<html xmlns="http://www.w3.org/1999/xhtml" xml:lang="en" lang="en">
 <head>
  <title>
</title>
<meta http-equiv="Content-Type" content="text/html;charset=utf-8" />
  <meta name='ocr-system' content='tesseract 3.04.00' />
  <meta name='ocr-capabilities' content='ocr_page ocr_carea ocr_par ocr_line ocrx_word'/>
</head>
<body>
  <div class='ocr_page' id='page_1' title='image "./observationescr00khgoog_0039.png"; bbox 0 0 2720 4650; ppageno 0'>
   <div class='ocr_carea' id='block_1_1' title="bbox 618 411 844 530">
    <p class='ocr_par' dir='ltr' id='par_1_1' title="bbox 618 411 844 530">
     <span class='ocr_line' id='line_1_1' title="bbox 618 411 844 530; baseline 0 -24"><span class='ocrx_word' id='word_1_1' title='bbox 618 411 844 530; x_wconf 54' lang='lat' dir='ltr'><strong>...¹2ss</strong></span> 
     </span>
    </p>
   </div>
   <div class='ocr_carea' id='block_1_2' title="bbox 157 637 1266 3951">
    <p class='ocr_par' dir='ltr' id='par_1_2' title="bbox 213 637 1265 1376">
     <span class='ocr_line' id='line_1_2' title="bbox 213 637 1191 738; baseline -0.01 -20"><span class='ocrx_word' id='word_1_2' title='bbox 213 677 227 718; x_wconf 63' lang='lat' dir='ltr'><strong>t</strong></span> <span class='ocrx_word' id='word_1_3' title='bbox 266 637 350 729; x_wconf 78' lang='lat' dir='ltr'><strong>raro,</strong></span> <span class='ocrx_word' id='word_1_4' title='bbox 371 652 521 738; x_wconf 85' lang='lat' dir='ltr'><strong>aliquanto</strong></span> <span class='ocrx_word' id='word_1_5' title='bbox 543 650 664 733; x_wconf 86' lang='lat' dir='ltr'><strong>saepius</strong></span> <span class='ocrx_word' id='word_1_6' title='bbox 691 650 772 734; x_wconf 87' lang='lat' dir='ltr'><strong>apud</strong></span> <span class='ocrx_word' id='word_1_7' title='bbox 792 649 926 714; x_wconf 80' lang='lat' dir='ltr'><strong>comicos</strong></span> <span class='ocrx_word' id='word_1_8' title='bbox 947 649 1119 722; x_wconf 87' lang='lat' dir='ltr'><strong>invenitur,</strong></span> <span class='ocrx_word' id='word_1_9' title='bbox 1160 663 1191 708; x_wconf 89' lang='lat' dir='ltr'><strong>m</strong></span> 
     </span>
     <span class='ocr_line' id='line_1_3' title="bbox 266 741 1193 846; baseline -0.006 -23"><span class='ocrx_word' id='word_1_10' title='bbox 266 761 319 846; x_wconf 89' lang='lat' dir='ltr'><strong>qui</strong></span> <span class='ocrx_word' id='word_1_11' title='bbox 341 782 358 823; x_wconf 87' lang='lat' dir='ltr'><strong>a</strong></span> <span class='ocrx_word' id='word_1_12' title='bbox 379 759 466 843; x_wconf 85' lang='lat' dir='ltr'><strong>vulgi</strong></span> <span class='ocrx_word' id='word_1_13' title='bbox 487 778 628 823; x_wconf 80' lang='lat' dir='ltr'>sermone</span> <span class='ocrx_word' id='word_1_14' title='bbox 649 758 773 843; x_wconf 85' lang='lat' dir='ltr'><strong>propius</strong></span> <span class='ocrx_word' id='word_1_15' title='bbox 794 741 944 821; x_wconf 84' lang='lat' dir='ltr'><strong>abessent.</strong></span> <span class='ocrx_word' id='word_1_16' title='bbox 973 752 1118 838; x_wconf 83' lang='lat' dir='ltr'><strong>Duplicia</strong></span> <span class='ocrx_word' id='word_1_17' title='bbox 1139 775 1193 837; x_wconf 84' lang='lat' dir='ltr'><strong>gc·</strong></span> 
     </span>
     <span class='ocr_line' id='line_1_4' title="bbox 266 861 1259 948; baseline -0.008 -19"><span class='ocrx_word' id='word_1_18' title='bbox 266 867 349 930; x_wconf 87' lang='lat' dir='ltr'><strong>neris</strong></span> <span class='ocrx_word' id='word_1_19' title='bbox 371 886 437 928; x_wconf 88' lang='lat' dir='ltr'><strong>esse</strong></span> <span class='ocrx_word' id='word_1_20' title='bbox 458 864 588 939; x_wconf 88' lang='lat' dir='ltr'><strong>hiatum,</strong></span> <span class='ocrx_word' id='word_1_21' title='bbox 613 863 654 924; x_wconf 86' lang='lat' dir='ltr'><strong>ita</strong></span> <span class='ocrx_word' id='word_1_22' title='bbox 674 861 836 936; x_wconf 85' lang='lat' dir='ltr'><strong>videlicet,</strong></span> <span class='ocrx_word' id='word_1_23' title='bbox 877 875 911 948; x_wconf 88' lang='lat' dir='ltr'><strong>ut</strong></span> <span class='ocrx_word' id='word_1_24' title='bbox 930 875 981 926; x_wconf 87' lang='lat' dir='ltr'><strong>aut</strong></span> <span class='ocrx_word' id='word_1_25' title='bbox 999 862 1084 946; x_wconf 89' lang='lat' dir='ltr'><strong>prior</strong></span> <span class='ocrx_word' id='word_1_26' title='bbox 1104 879 1192 924; x_wconf 80' lang='lat' dir='ltr'><strong>voca·</strong></span> <span class='ocrx_word' id='word_1_27' title='bbox 1243 887 1259 919; x_wconf 79' lang='grc'><strong>,-</strong></span> 
     </span>
     <span class='ocr_line' id='line_1_5' title="bbox 267 967 1247 1066; baseline -0.005 -31"><span class='ocrx_word' id='word_1_28' title='bbox 267 974 305 1036; x_wconf 84' lang='lat' dir='ltr'><strong>lis</strong></span> <span class='ocrx_word' id='word_1_29' title='bbox 325 970 429 1034; x_wconf 79' lang='lat' dir='ltr'><strong>brevis</strong></span> <span class='ocrx_word' id='word_1_30' title='bbox 450 969 506 1043; x_wconf 84' lang='lat' dir='ltr'><strong>sit,</strong></span> <span class='ocrx_word' id='word_1_31' title='bbox 527 990 629 1054; x_wconf 90' lang='lat' dir='ltr'><strong>neque</strong></span> <span class='ocrx_word' id='word_1_32' title='bbox 641 967 733 1054; x_wconf 86' lang='lat' dir='ltr'><strong>longa</strong></span> <span class='ocrx_word' id='word_1_33' title='bbox 741 968 919 1056; x_wconf 70' lang='lat' dir='ltr'><strong>corripiptur</strong></span> <span class='ocrx_word' id='word_1_34' title='bbox 926 1011 936 1044; x_wconf 88' lang='lat'><strong>,</strong></span> <span class='ocrx_word' id='word_1_35' title='bbox 957 967 1113 1052; x_wconf 85' lang='lat' dir='ltr'><strong>autprior,</strong></span> <span class='ocrx_word' id='word_1_36' title='bbox 1132 980 1193 1030; x_wconf 83' lang='lat' dir='ltr'><strong>tam</strong></span> <span class='ocrx_word' id='word_1_37' title='bbox 1236 1041 1247 1066; x_wconf 30' lang='lat' dir='ltr'>N</span> 
     </span>
     <span class='ocr_line' id='line_1_6' title="bbox 266 1070 1194 1164; baseline -0.01 -22"><span class='ocrx_word' id='word_1_38' title='bbox 266 1081 358 1164; x_wconf 85' lang='lat' dir='ltr'><strong>longa</strong></span> <span class='ocrx_word' id='word_1_39' title='bbox 374 1073 488 1140; x_wconf 84' lang='lat' dir='ltr'><strong>vocalis</strong></span> <span class='ocrx_word' id='word_1_40' title='bbox 508 1097 599 1160; x_wconf 89' lang='lat' dir='ltr'><strong>quarn</strong></span> <span class='ocrx_word' id='word_1_41' title='bbox 619 1075 838 1160; x_wconf 81' lang='lat' dir='ltr'><strong>diphthongus,</strong></span> <span class='ocrx_word' id='word_1_42' title='bbox 865 1071 967 1138; x_wconf 85' lang='lat' dir='ltr'><strong>brevis</strong></span> <span class='ocrx_word' id='word_1_43' title='bbox 988 1072 1054 1148; x_wconf 87' lang='lat' dir='ltr'><strong>fiat,</strong></span> <span class='ocrx_word' id='word_1_44' title='bbox 1075 1073 1109 1134; x_wconf 88' lang='lat' dir='ltr'><strong>id</strong></span> <span class='ocrx_word' id='word_1_45' title='bbox 1129 1070 1194 1156; x_wconf 86' lang='lat' dir='ltr'><strong>qai·</strong></span> 
     </span>
     <span class='ocr_line' id='line_1_7' title="bbox 267 1176 1192 1264; baseline -0.009 -17"><span class='ocrx_word' id='word_1_46' title='bbox 267 1185 340 1248; x_wconf 87' lang='lat' dir='ltr'><strong>dem</strong></span> <span class='ocrx_word' id='word_1_47' title='bbox 361 1181 647 1246; x_wconf 82' lang='lat' dir='ltr'><strong>commemoravisse</strong></span> <span class='ocrx_word' id='word_1_48' title='bbox 667 1181 735 1246; x_wconf 85' lang='lat' dir='ltr'><strong>satis</strong></span> <span class='ocrx_word' id='word_1_49' title='bbox 754 1193 821 1254; x_wconf 81' lang='lat' dir='ltr'><strong>ert,</strong></span> <span class='ocrx_word' id='word_1_50' title='bbox 843 1202 939 1264; x_wconf 87' lang='lat' dir='ltr'><strong>quum</strong></span> <span class='ocrx_word' id='word_1_51' title='bbox 951 1176 1140 1252; x_wconf 80' lang='lat' dir='ltr'><strong>Matthiaeuc</strong></span> <span class='ocrx_word' id='word_1_52' title='bbox 1159 1179 1192 1239; x_wconf 87' lang='lat' dir='ltr'><strong>in</strong></span> 
     </span>
     <span class='ocr_line' id='line_1_8' title="bbox 266 1283 1265 1376; baseline -0.006 -24"><span class='ocrx_word' id='word_1_53' title='bbox 266 1312 394 1376; x_wconf 80' lang='lat' dir='ltr'><strong>gramm.</strong></span> <span class='ocrx_word' id='word_1_54' title='bbox 423 1309 469 1374; x_wconf 83' lang='lat' dir='ltr'><strong>gr.</strong></span> <span class='ocrx_word' id='word_1_55' title='bbox 492 1286 584 1372; x_wconf 77' lang='lat' dir='ltr'><strong>ampl.</strong></span> <span class='ocrx_word' id='word_1_56' title='bbox 612 1289 638 1364; x_wconf 85' lang='lat'><strong>§.</strong></span> <span class='ocrx_word' id='word_1_57' title='bbox 667 1283 712 1351; x_wconf 83' lang='lat'><strong>42</strong></span> <span class='ocrx_word' id='word_1_58' title='bbox 739 1300 830 1349; x_wconf 89' lang='lat' dir='ltr'><strong>totam</strong></span> <span class='ocrx_word' id='word_1_59' title='bbox 850 1289 928 1349; x_wconf 88' lang='lat' dir='ltr'><strong>hanc</strong></span> <span class='ocrx_word' id='word_1_60' title='bbox 949 1285 1111 1349; x_wconf 82' lang='lat' dir='ltr'><strong>materiem</strong></span> <span class='ocrx_word' id='word_1_61' title='bbox 1127 1305 1193 1356; x_wconf 81' lang='lat' dir='ltr'><strong>ma·</strong></span> <span class='ocrx_word' id='word_1_62' title='bbox 1261 1365 1265 1376; x_wconf 29' lang='grc' dir='ltr'>ι</span> 
     </span>
    </p>

    <p class='ocr_par' dir='ltr' id='par_1_3' title="bbox 157 1392 1263 2642">
     <span class='ocr_line' id='line_1_9' title="bbox 165 1392 1194 1480; baseline -0.007 -21"><span class='ocrx_word' id='word_1_63' title='bbox 165 1450 170 1459; x_wconf 75' lang='lat'><strong>.</strong></span> <span class='ocrx_word' id='word_1_64' title='bbox 267 1417 328 1480; x_wconf 80' lang='lat' dir='ltr'><strong>gna</strong></span> <span class='ocrx_word' id='word_1_65' title='bbox 349 1412 431 1456; x_wconf 72' lang='lat' dir='ltr'><strong>cum&#39;</strong></span> <span class='ocrx_word' id='word_1_66' title='bbox 443 1394 578 1456; x_wconf 87' lang='lat' dir='ltr'><strong>doctrina</strong></span> <span class='ocrx_word' id='word_1_67' title='bbox 599 1393 688 1478; x_wconf 80' lang='lat' dir='ltr'><strong>atque</strong></span> <span class='ocrx_word' id='word_1_68' title='bbox 709 1392 924 1477; x_wconf 86' lang='lat' dir='ltr'><strong>perspicuitate</strong></span> <span class='ocrx_word' id='word_1_69' title='bbox 935 1392 1127 1476; x_wconf 85' lang='lat' dir='ltr'><strong>exposuerit,</strong></span> <span class='ocrx_word' id='word_1_70' title='bbox 1145 1411 1194 1453; x_wconf 86' lang='lat' dir='ltr'><strong>ex·</strong></span> 
     </span>
     <span class='ocr_line' id='line_1_10' title="bbox 157 1497 1195 1586; baseline -0.003 -23"><span class='ocrx_word' id='word_1_71' title='bbox 157 1501 163 1516; x_wconf 92' lang='lat'>&#39;</span> <span class='ocrx_word' id='word_1_72' title='bbox 265 1500 437 1583; x_wconf 86' lang='lat' dir='ltr'><strong>emplorum</strong></span> <span class='ocrx_word' id='word_1_73' title='bbox 457 1497 542 1584; x_wconf 78' lang='lat' dir='ltr'><strong>larga</strong></span> <span class='ocrx_word' id='word_1_74' title='bbox 562 1500 650 1582; x_wconf 87' lang='lat' dir='ltr'><strong>copia</strong></span> <span class='ocrx_word' id='word_1_75' title='bbox 666 1500 900 1586; x_wconf 85' lang='lat' dir='ltr'><strong>e&#39;Tragicorum</strong></span> <span class='ocrx_word' id='word_1_76' title='bbox 912 1499 1004 1562; x_wconf 87' lang='lat' dir='ltr'><strong>etiarn</strong></span> <span class='ocrx_word' id='word_1_77' title='bbox 1017 1497 1195 1586; x_wconf 85' lang='lat' dir='ltr'><strong>Aristopha-</strong></span> 
     </span>
     <span class='ocr_line' id='line_1_11' title="bbox 265 1601 1195 1690; baseline -0.003 -23"><span class='ocrx_word' id='word_1_78' title='bbox 265 1607 373 1689; x_wconf 85' lang='lat' dir='ltr'><strong>nisque</strong></span> <span class='ocrx_word' id='word_1_79' title='bbox 393 1603 504 1667; x_wconf 85' lang='lat' dir='ltr'><strong>fabulis</strong></span> <span class='ocrx_word' id='word_1_80' title='bbox 521 1605 554 1665; x_wconf 92' lang='lat' dir='ltr'><strong>in</strong></span> <span class='ocrx_word' id='word_1_81' title='bbox 574 1603 711 1666; x_wconf 86' lang='lat' dir='ltr'><strong>medium</strong></span> <span class='ocrx_word' id='word_1_82' title='bbox 733 1605 857 1688; x_wconf 88' lang='lat' dir='ltr'><strong>prolata.</strong></span> <span class='ocrx_word' id='word_1_83' title='bbox 877 1637 922 1653; x_wconf 90' lang='grc'>-</span> <span class='ocrx_word' id='word_1_84' title='bbox 963 1601 1079 1668; x_wconf 76' lang='lat' dir='ltr'><strong>Prioiie</strong></span> <span class='ocrx_word' id='word_1_85' title='bbox 1100 1623 1195 1690; x_wconf 80' lang='lat' dir='ltr'><strong>gerre-</strong></span> 
     </span>
     <span class='ocr_line' id='line_1_12' title="bbox 266 1691 1248 1796; baseline -0.002 -24"><span class='ocrx_word' id='word_1_86' title='bbox 266 1713 307 1772; x_wconf 76' lang='lat' dir='ltr'><strong>rir</strong></span> <span class='ocrx_word' id='word_1_87' title='bbox 327 1710 433 1782; x_wconf 83' lang='lat' dir='ltr'>hiatus,</span> <span class='ocrx_word' id='word_1_88' title='bbox 455 1709 582 1796; x_wconf 83' lang='lat' dir='ltr'><strong>proprie</strong></span> <span class='ocrx_word' id='word_1_89' title='bbox 601 1709 640 1770; x_wconf 89' lang='lat' dir='ltr'><strong>ita</strong></span> <span class='ocrx_word' id='word_1_90' title='bbox 662 1697 771 1782; x_wconf 80' lang='lat' dir='ltr'><strong>dictus,</strong></span> <span class='ocrx_word' id='word_1_91' title='bbox 791 1710 832 1771; x_wconf 92' lang='lat' dir='ltr'><strong>de</strong></span> <span class='ocrx_word' id='word_1_92' title='bbox 854 1691 1083 1794; x_wconf 52' lang='lat' dir='ltr'><strong>quo&#39;nonnulla</strong></span> <span class='ocrx_word' id='word_1_93' title='bbox 1104 1708 1197 1772; x_wconf 84' lang='lat' dir='ltr'><strong>liceat</strong></span> <span class='ocrx_word' id='word_1_94' title='bbox 1245 1743 1248 1750; x_wconf 80' lang='lat'><em>,</em></span> 
     </span>
     <span class='ocr_line' id='line_1_13' title="bbox 264 1811 1199 1899; baseline -0.001 -23"><span class='ocrx_word' id='word_1_95' title='bbox 264 1817 301 1878; x_wconf 87' lang='lat' dir='ltr'><strong>iis</strong></span> <span class='ocrx_word' id='word_1_96' title='bbox 321 1816 465 1890; x_wconf 88' lang='lat' dir='ltr'><strong>adiicere,</strong></span> <span class='ocrx_word' id='word_1_97' title='bbox 485 1836 563 1898; x_wconf 89' lang='lat' dir='ltr'><strong>quae</strong></span> <span class='ocrx_word' id='word_1_98' title='bbox 584 1811 746 1876; x_wconf 88' lang='lat' dir='ltr'><strong>Matthiaei</strong></span> <span class='ocrx_word' id='word_1_99' title='bbox 766 1816 962 1899; x_wconf 84' lang='lat' dir='ltr'><strong>grammatica</strong></span> <span class='ocrx_word' id='word_1_100' title='bbox 984 1814 1141 1892; x_wconf 83' lang='lat' dir='ltr'><strong>continet,</strong></span> <span class='ocrx_word' id='word_1_101' title='bbox 1165 1815 1199 1876; x_wconf 88' lang='lat' dir='ltr'><strong>iu</strong></span> 
     </span>
     <span class='ocr_line' id='line_1_14' title="bbox 264 1917 1200 2008; baseline 0 -24"><span class='ocrx_word' id='word_1_102' title='bbox 264 1923 484 2008; x_wconf 84' lang='lat' dir='ltr'><strong>tragoediarum</strong></span> <span class='ocrx_word' id='word_1_103' title='bbox 506 1919 611 2008; x_wconf 86' lang='lat' dir='ltr'><strong>lyricis</strong></span> <span class='ocrx_word' id='word_1_104' title='bbox 632 1919 798 2003; x_wconf 86' lang='lat' dir='ltr'><strong>praecipue</strong></span> <span class='ocrx_word' id='word_1_105' title='bbox 819 1917 953 2003; x_wconf 81' lang='lat' dir='ltr'><strong>partibus</strong></span> <span class='ocrx_word' id='word_1_106' title='bbox 969 1922 1090 2004; x_wconf 82' lang='lat' dir='ltr'><strong>passim</strong></span> <span class='ocrx_word' id='word_1_107' title='bbox 1112 1941 1200 2006; x_wconf 85' lang='lat' dir='ltr'><strong>repe·</strong></span> 
     </span>
     <span class='ocr_line' id='line_1_15' title="bbox 264 2023 1198 2108; baseline 0.006 -19"><span class='ocrx_word' id='word_1_108' title='bbox 264 2029 353 2102; x_wconf 85' lang='lat' dir='ltr'><strong>ritur,</strong></span> <span class='ocrx_word' id='word_1_109' title='bbox 368 2041 408 2090; x_wconf 79' lang='lat' dir='ltr'><strong>ut</strong></span> <span class='ocrx_word' id='word_1_110' title='bbox 428 2029 462 2088; x_wconf 89' lang='lat' dir='ltr'><strong>in</strong></span> <span class='ocrx_word' id='word_1_111' title='bbox 484 2027 553 2100; x_wconf 89' lang='lat' dir='ltr'><strong>arsi,</strong></span> <span class='ocrx_word' id='word_1_112' title='bbox 575 2027 612 2090; x_wconf 84' lang='lat' dir='ltr'><strong>in</strong></span> <span class='ocrx_word' id='word_1_113' title='bbox 630 2023 907 2100; x_wconf 75' lang='lat' dir='ltr'><strong>exclamationibus,</strong></span> <span class='ocrx_word' id='word_1_114' title='bbox 929 2026 963 2088; x_wconf 88' lang='lat' dir='ltr'><strong>in</strong></span> <span class='ocrx_word' id='word_1_115' title='bbox 979 2029 1133 2092; x_wconf 69' lang='lat' dir='ltr'><strong>vocativis</strong></span> <span class='ocrx_word' id='word_1_116' title='bbox 1155 2031 1169 2108; x_wconf 84' lang='lat'>(</span> <span class='ocrx_word' id='word_1_117' title='bbox 1189 2073 1198 2096; x_wconf 83' lang='lat'><strong>.</strong></span> 
     </span>
     <span class='ocr_line' id='line_1_16' title="bbox 262 2127 1197 2220; baseline 0.004 -24"><span class='ocrx_word' id='word_1_118' title='bbox 262 2130 547 2220; x_wconf 84' lang='lat' dir='ltr'><strong>ReisigiiConjectt.</strong></span> <span class='ocrx_word' id='word_1_119' title='bbox 570 2154 603 2218; x_wconf 89' lang='lat' dir='ltr'><strong>p.</strong></span> <span class='ocrx_word' id='word_1_120' title='bbox 620 2129 684 2195; x_wconf 87' lang='grc'><strong>168</strong></span> <span class='ocrx_word' id='word_1_121' title='bbox 705 2146 736 2192; x_wconf 88' lang='lat' dir='ltr'><strong>et</strong></span> <span class='ocrx_word' id='word_1_122' title='bbox 750 2127 934 2200; x_wconf 86' lang='lat' dir='ltr'><strong>Commentt.</strong></span> <span class='ocrx_word' id='word_1_123' title='bbox 950 2127 1037 2197; x_wconf 89' lang='lat' dir='ltr'><strong>Critt.</strong></span> <span class='ocrx_word' id='word_1_124' title='bbox 1050 2134 1088 2208; x_wconf 86' lang='lat' dir='ltr'><strong>in</strong></span> <span class='ocrx_word' id='word_1_125' title='bbox 1101 2133 1197 2219; x_wconf 83' lang='lat' dir='ltr'><strong>Soph.</strong></span> 
     </span>
     <span class='ocr_line' id='line_1_17' title="bbox 263 2235 1198 2326; baseline 0.003 -23"><span class='ocrx_word' id='word_1_126' title='bbox 263 2237 345 2304; x_wconf 89' lang='lat' dir='ltr'><strong>Oed.</strong></span> <span class='ocrx_word' id='word_1_127' title='bbox 368 2235 477 2302; x_wconf 88' lang='lat' dir='ltr'><strong>Colon.</strong></span> <span class='ocrx_word' id='word_1_128' title='bbox 507 2261 537 2321; x_wconf 88' lang='lat' dir='ltr'><strong>p.</strong></span> <span class='ocrx_word' id='word_1_129' title='bbox 558 2236 640 2308; x_wconf 75' lang='lat'><strong>2103</strong></span> <span class='ocrx_word' id='word_1_130' title='bbox 658 2260 663 2271; x_wconf 59' lang='lat'><em>³</em></span> <span class='ocrx_word' id='word_1_131' title='bbox 682 2235 791 2320; x_wconf 87' lang='lat' dir='ltr'><strong>Herm.</strong></span> <span class='ocrx_word' id='word_1_132' title='bbox 820 2239 913 2302; x_wconf 89' lang='lat' dir='ltr'><strong>elem.</strong></span> <span class='ocrx_word' id='word_1_133' title='bbox 941 2239 970 2302; x_wconf 89' lang='lat' dir='ltr'><strong>d.</strong></span> <span class='ocrx_word' id='word_1_134' title='bbox 993 2262 1037 2304; x_wconf 88' lang='lat' dir='ltr'><strong>m.</strong></span> <span class='ocrx_word' id='word_1_135' title='bbox 1058 2263 1090 2326; x_wconf 88' lang='lat' dir='ltr'><strong>p.</strong></span> <span class='ocrx_word' id='word_1_136' title='bbox 1113 2239 1198 2317; x_wconf 72' lang='lat'><strong>3733</strong></span> 
     </span>
     <span class='ocr_line' id='line_1_18' title="bbox 262 2343 1263 2432; baseline 0.003 -24"><span class='ocrx_word' id='word_1_137' title='bbox 262 2346 384 2410; x_wconf 82' lang='lat' dir='ltr'><strong>Seidler</strong></span> <span class='ocrx_word' id='word_1_138' title='bbox 405 2347 445 2407; x_wconf 90' lang='lat' dir='ltr'><strong>de</strong></span> <span class='ocrx_word' id='word_1_139' title='bbox 465 2365 517 2408; x_wconf 83' lang='lat' dir='ltr'><strong>vv.</strong></span> <span class='ocrx_word' id='word_1_140' title='bbox 540 2345 661 2406; x_wconf 90' lang='lat' dir='ltr'><strong>dochm.</strong></span> <span class='ocrx_word' id='word_1_141' title='bbox 685 2367 717 2428; x_wconf 91' lang='lat' dir='ltr'><strong>p.</strong></span> <span class='ocrx_word' id='word_1_142' title='bbox 739 2343 783 2406; x_wconf 89' lang='lat'><strong>80</strong></span> <span class='ocrx_word' id='word_1_143' title='bbox 809 2347 872 2428; x_wconf 88' lang='lat' dir='ltr'><strong>sq.)</strong></span> <span class='ocrx_word' id='word_1_144' title='bbox 900 2345 933 2406; x_wconf 90' lang='lat' dir='ltr'><strong>in</strong></span> <span class='ocrx_word' id='word_1_145' title='bbox 954 2343 1198 2432; x_wconf 84' lang='lat' dir='ltr'><strong>interrogationi·</strong></span> <span class='ocrx_word' id='word_1_146' title='bbox 1261 2422 1263 2428; x_wconf 28' lang='grc' dir='ltr'>Ι</span> 
     </span>
     <span class='ocr_line' id='line_1_19' title="bbox 240 2449 1198 2534; baseline 0.001 -18"><span class='ocrx_word' id='word_1_147' title='bbox 240 2451 328 2528; x_wconf 83' lang='lat' dir='ltr'><strong>&#39;bus,</strong></span> <span class='ocrx_word' id='word_1_148' title='bbox 351 2466 381 2513; x_wconf 90' lang='lat' dir='ltr'><strong>et</strong></span> <span class='ocrx_word' id='word_1_149' title='bbox 410 2449 615 2533; x_wconf 84' lang='lat' dir='ltr'><strong>imperativis;</strong></span> <span class='ocrx_word' id='word_1_150' title='bbox 651 2466 741 2532; x_wconf 91' lang='lat' dir='ltr'><strong>porro</strong></span> <span class='ocrx_word' id='word_1_151' title='bbox 763 2449 915 2514; x_wconf 83' lang='lat' dir='ltr'><strong>vocabulo</strong></span> <span class='ocrx_word' id='word_1_152' title='bbox 942 2449 1044 2534; x_wconf 87' lang='lat' dir='ltr'><strong>aliquo</strong></span> <span class='ocrx_word' id='word_1_153' title='bbox 1066 2471 1141 2513; x_wconf 89' lang='lat' dir='ltr'><strong>cum</strong></span> <span class='ocrx_word' id='word_1_154' title='bbox 1163 2453 1198 2516; x_wconf 83' lang='lat' dir='ltr'><strong>vi</strong></span> 
     </span>
     <span class='ocr_line' id='line_1_20' title="bbox 261 2545 1198 2642; baseline 0.003 -24"><span class='ocrx_word' id='word_1_155' title='bbox 261 2556 391 2642; x_wconf 87' lang='lat' dir='ltr'><strong>quadarn</strong></span> <span class='ocrx_word' id='word_1_156' title='bbox 413 2555 551 2638; x_wconf 90' lang='lat' dir='ltr'><strong>repetito,</strong></span> <span class='ocrx_word' id='word_1_157' title='bbox 573 2568 602 2614; x_wconf 90' lang='lat' dir='ltr'><strong>et</strong></span> <span class='ocrx_word' id='word_1_158' title='bbox 622 2550 740 2614; x_wconf 84' lang='lat' dir='ltr'><strong>duobus</strong></span> <span class='ocrx_word' id='word_1_159' title='bbox 762 2545 919 2620; x_wconf 81' lang='lat' dir='ltr'><strong>vocabulis</strong></span> <span class='ocrx_word' id='word_1_160' title='bbox 935 2555 1050 2618; x_wconf 84' lang='lat' dir='ltr'><strong>maiore</strong></span> <span class='ocrx_word' id='word_1_161' title='bbox 1071 2571 1198 2622; x_wconf 77' lang='lat' dir='ltr'><strong>senten·</strong></span> 
     </span>
    </p>

    <p class='ocr_par' dir='ltr' id='par_1_4' title="bbox 215 2658 1266 3698">
     <span class='ocr_line' id='line_1_21' title="bbox 215 2658 1197 2746; baseline 0 -18"><span class='ocrx_word' id='word_1_162' title='bbox 215 2715 220 2728; x_wconf 79' lang='grc'><em>,</em></span> <span class='ocrx_word' id='word_1_163' title='bbox 261 2666 370 2725; x_wconf 81' lang='lat' dir='ltr'><strong>riarum</strong></span> <span class='ocrx_word' id='word_1_164' title='bbox 390 2659 632 2742; x_wconf 85' lang='lat' dir='ltr'><strong>intercapedine,</strong></span> <span class='ocrx_word' id='word_1_165' title='bbox 665 2658 797 2741; x_wconf 88' lang='lat' dir='ltr'><strong>ideoque</strong></span> <span class='ocrx_word' id='word_1_166' title='bbox 825 2659 1053 2746; x_wconf 82' lang='lat' dir='ltr'><strong>maiorequatn</strong></span> <span class='ocrx_word' id='word_1_167' title='bbox 1076 2661 1197 2742; x_wconf 88' lang='lat' dir='ltr'><strong>dicunt,</strong></span> 
     </span>
     <span class='ocr_line' id='line_1_22' title="bbox 261 2761 1212 2851; baseline 0.005 -21"><span class='ocrx_word' id='word_1_168' title='bbox 261 2767 504 2851; x_wconf 85' lang='lat' dir='ltr'><strong>interpunctione</strong></span> <span class='ocrx_word' id='word_1_169' title='bbox 532 2765 683 2832; x_wconf 85' lang='lat' dir='ltr'><strong>diremtis3</strong></span> <span class='ocrx_word' id='word_1_170' title='bbox 731 2768 781 2838; x_wconf 84' lang='lat' dir='ltr'><strong>(v.</strong></span> <span class='ocrx_word' id='word_1_171' title='bbox 810 2761 969 2829; x_wconf 87' lang='lat' dir='ltr'><strong>Wellauer</strong></span> <span class='ocrx_word' id='word_1_172' title='bbox 1001 2767 1039 2829; x_wconf 91' lang='lat' dir='ltr'><strong>ad</strong></span> <span class='ocrx_word' id='word_1_173' title='bbox 1073 2770 1212 2846; x_wconf 65' lang='lat' dir='ltr'><strong>Aesch„</strong></span> 
     </span>
     <span class='ocr_line' id='line_1_23' title="bbox 263 2869 1197 2959; baseline 0.003 -23"><span class='ocrx_word' id='word_1_174' title='bbox 263 2869 400 2957; x_wconf 89' lang='lat' dir='ltr'><strong>Choeplt.</strong></span> <span class='ocrx_word' id='word_1_175' title='bbox 423 2869 504 2946; x_wconf 74' lang='lat'><strong>9243</strong></span> <span class='ocrx_word' id='word_1_176' title='bbox 541 2869 650 2934; x_wconf 86' lang='lat' dir='ltr'><strong>Herm.</strong></span> <span class='ocrx_word' id='word_1_177' title='bbox 679 2869 772 2934; x_wconf 89' lang='lat' dir='ltr'><strong>elem.</strong></span> <span class='ocrx_word' id='word_1_178' title='bbox 794 2871 824 2934; x_wconf 84' lang='lat' dir='ltr'><strong>d.</strong></span> <span class='ocrx_word' id='word_1_179' title='bbox 846 2894 889 2934; x_wconf 90' lang='lat' dir='ltr'><strong>m.</strong></span> <span class='ocrx_word' id='word_1_180' title='bbox 910 2870 933 2935; x_wconf 89' lang='lat' dir='ltr'><strong>l.</strong></span> <span class='ocrx_word' id='word_1_181' title='bbox 954 2871 978 2935; x_wconf 90' lang='lat' dir='ltr'><strong>l.</strong></span> <span class='ocrx_word' id='word_1_182' title='bbox 1000 2888 1085 2959; x_wconf 85' lang='lat' dir='ltr'><strong>etp.</strong></span> <span class='ocrx_word' id='word_1_183' title='bbox 1107 2875 1197 2956; x_wconf 79' lang='lat'>2503</span> 
     </span>
     <span class='ocr_line' id='line_1_24' title="bbox 263 2957 1197 3070; baseline 0.005 -27"><span class='ocrx_word' id='word_1_184' title='bbox 263 2981 355 3043; x_wconf 90' lang='lat' dir='ltr'><strong>eund.</strong></span> <span class='ocrx_word' id='word_1_185' title='bbox 383 2979 421 3043; x_wconf 89' lang='lat' dir='ltr'><strong>ad</strong></span> <span class='ocrx_word' id='word_1_186' title='bbox 450 2978 544 3060; x_wconf 90' lang='lat' dir='ltr'><strong>Soph.</strong></span> <span class='ocrx_word' id='word_1_187' title='bbox 571 2975 650 3040; x_wconf 92' lang='lat' dir='ltr'><strong>Phil.</strong></span> <span class='ocrx_word' id='word_1_188' title='bbox 676 2957 790 3055; x_wconf 70' lang='lat'><strong>1181.)</strong></span> <span class='ocrx_word' id='word_1_189' title='bbox 827 2977 1028 3041; x_wconf 86' lang='lat' dir='ltr'><strong>admittendus</strong></span> <span class='ocrx_word' id='word_1_190' title='bbox 1056 2980 1197 3070; x_wconf 81' lang='lat' dir='ltr'><strong>denique</strong></span> 
     </span>
     <span class='ocr_line' id='line_1_25' title="bbox 246 3075 1196 3172; baseline 0.007 -26"><span class='ocrx_word' id='word_1_191' title='bbox 246 3075 357 3147; x_wconf 66' lang='lat' dir='ltr'><strong>¹hiatus</strong></span> <span class='ocrx_word' id='word_1_192' title='bbox 378 3083 515 3172; x_wconf 82' lang='lat' dir='ltr'><strong>personis</strong></span> <span class='ocrx_word' id='word_1_193' title='bbox 539 3083 667 3159; x_wconf 83' lang='lat' dir='ltr'><strong>mutatis,</strong></span> <span class='ocrx_word' id='word_1_194' title='bbox 704 3105 735 3146; x_wconf 87' lang='lat' dir='ltr'><strong>v.</strong></span> <span class='ocrx_word' id='word_1_195' title='bbox 758 3083 852 3168; x_wconf 89' lang='lat' dir='ltr'><strong>Soph.</strong></span> <span class='ocrx_word' id='word_1_196' title='bbox 873 3081 952 3146; x_wconf 88' lang='lat' dir='ltr'><strong>Phil.</strong></span> <span class='ocrx_word' id='word_1_197' title='bbox 974 3082 1059 3148; x_wconf 87' lang='lat'><strong>1191</strong></span> <span class='ocrx_word' id='word_1_198' title='bbox 1082 3087 1196 3158; x_wconf 90' lang='lat' dir='ltr'><strong>Herm.</strong></span> 
     </span>
     <span class='ocr_line' id='line_1_26' title="bbox 262 3189 1197 3274; baseline 0.01 -23"><span class='ocrx_word' id='word_1_199' title='bbox 262 3207 292 3251; x_wconf 89' lang='lat' dir='ltr'><strong>et</strong></span> <span class='ocrx_word' id='word_1_200' title='bbox 313 3192 345 3251; x_wconf 90' lang='lat' dir='ltr'><strong>in</strong></span> <span class='ocrx_word' id='word_1_201' title='bbox 369 3191 594 3264; x_wconf 65' lang='lat' dir='ltr'><strong>eximuntur,</strong></span> <span class='ocrx_word' id='word_1_202' title='bbox 637 3189 690 3274; x_wconf 90' lang='lat' dir='ltr'><strong>qui</strong></span> <span class='ocrx_word' id='word_1_203' title='bbox 722 3190 967 3273; x_wconf 84' lang='lat' dir='ltr'><strong>interpunctione</strong></span> <span class='ocrx_word' id='word_1_204' title='bbox 996 3191 1118 3268; x_wconf 83' lang='lat' dir='ltr'><strong>linitur,</strong></span> <span class='ocrx_word' id='word_1_205' title='bbox 1144 3201 1197 3274; x_wconf 85' lang='lat' dir='ltr'><strong>(r.</strong></span> 
     </span>
     <span class='ocr_line' id='line_1_27' title="bbox 262 3289 1266 3384; baseline 0.008 -28"><span class='ocrx_word' id='word_1_206' title='bbox 262 3293 369 3357; x_wconf 88' lang='lat' dir='ltr'><strong>Herm.</strong></span> <span class='ocrx_word' id='word_1_207' title='bbox 399 3295 436 3356; x_wconf 90' lang='lat' dir='ltr'><strong>ad</strong></span> <span class='ocrx_word' id='word_1_208' title='bbox 465 3295 558 3377; x_wconf 89' lang='lat' dir='ltr'><strong>Soph.</strong></span> <span class='ocrx_word' id='word_1_209' title='bbox 587 3291 668 3358; x_wconf 91' lang='lat' dir='ltr'><strong>Oed.</strong></span> <span class='ocrx_word' id='word_1_210' title='bbox 697 3289 766 3358; x_wconf 90' lang='lat' dir='ltr'><strong>Col.</strong></span> <span class='ocrx_word' id='word_1_211' title='bbox 796 3294 910 3371; x_wconf 76' lang='lat'><strong>1754.)</strong></span> <span class='ocrx_word' id='word_1_212' title='bbox 943 3318 1037 3380; x_wconf 79' lang='lat' dir='ltr'><strong>quum</strong></span> <span class='ocrx_word' id='word_1_213' title='bbox 1067 3318 1197 3384; x_wconf 88' lang='lat' dir='ltr'><strong>propter</strong></span> <span class='ocrx_word' id='word_1_214' title='bbox 1264 3325 1266 3329; x_wconf 73' lang='grc'>’</span> 
     </span>
     <span class='ocr_line' id='line_1_28' title="bbox 261 3401 1254 3488; baseline 0.003 -25"><span class='ocrx_word' id='word_1_215' title='bbox 261 3424 386 3486; x_wconf 83' lang='lat' dir='ltr'><strong>pausam</strong></span> <span class='ocrx_word' id='word_1_216' title='bbox 405 3401 438 3461; x_wconf 92' lang='lat' dir='ltr'><strong>in</strong></span> <span class='ocrx_word' id='word_1_217' title='bbox 463 3401 685 3488; x_wconf 84' lang='lat' dir='ltr'><strong>pronuntiando</strong></span> <span class='ocrx_word' id='word_1_218' title='bbox 711 3402 820 3464; x_wconf 84' lang='lat' dir='ltr'><strong>factam</strong></span> <span class='ocrx_word' id='word_1_219' title='bbox 846 3423 953 3466; x_wconf 80' lang='lat' dir='ltr'><strong>versus</strong></span> <span class='ocrx_word' id='word_1_220' title='bbox 974 3405 1098 3466; x_wconf 85' lang='lat' dir='ltr'><strong>numeri</strong></span> <span class='ocrx_word' id='word_1_221' title='bbox 1119 3427 1197 3472; x_wconf 83' lang='lat' dir='ltr'><strong>cum</strong></span> <span class='ocrx_word' id='word_1_222' title='bbox 1249 3404 1254 3423; x_wconf 64' lang='lat'>⁸</span> 
     </span>
     <span class='ocr_line' id='line_1_29' title="bbox 262 3503 1197 3590; baseline 0.006 -19"><span class='ocrx_word' id='word_1_223' title='bbox 262 3503 456 3590; x_wconf 80' lang='lat' dir='ltr'><strong>sequentibus</strong></span> <span class='ocrx_word' id='word_1_224' title='bbox 476 3507 613 3574; x_wconf 82' lang='lat' dir='ltr'><strong>numeris</strong></span> <span class='ocrx_word' id='word_1_225' title='bbox 633 3508 801 3572; x_wconf 85' lang='lat' dir='ltr'><strong>continuari</strong></span> <span class='ocrx_word' id='word_1_226' title='bbox 821 3529 884 3570; x_wconf 90' lang='lat' dir='ltr'><strong>non</strong></span> <span class='ocrx_word' id='word_1_227' title='bbox 904 3507 1033 3590; x_wconf 81' lang='lat' dir='ltr'><strong>possint,</strong></span> <span class='ocrx_word' id='word_1_228' title='bbox 1061 3524 1096 3571; x_wconf 88' lang='lat' dir='ltr'><strong>ut</strong></span> <span class='ocrx_word' id='word_1_229' title='bbox 1115 3512 1197 3578; x_wconf 89' lang='lat' dir='ltr'><strong>Eur.</strong></span> 
     </span>
     <span class='ocr_line' id='line_1_30' title="bbox 262 3601 1204 3698; baseline -0.004 -24"><span class='ocrx_word' id='word_1_230' title='bbox 262 3609 376 3676; x_wconf 84' lang='lat' dir='ltr'><strong>Bacch.</strong></span> <span class='ocrx_word' id='word_1_231' title='bbox 390 3609 462 3674; x_wconf 64' lang='lat'><strong>145</strong></span> <span class='ocrx_word' id='word_1_232' title='bbox 485 3611 593 3674; x_wconf 86' lang='lat' dir='ltr'><strong>Herm.</strong></span> <span class='ocrx_word' id='word_1_233' title='bbox 615 3649 656 3662; x_wconf 82' lang='lat'><strong>-</strong></span> <span class='ocrx_word' id='word_1_234' title='bbox 683 3609 822 3693; x_wconf 75' lang='grc' dir='ltr'><em>ἱέμενος</em></span> <span class='ocrx_word' id='word_1_235' title='bbox 843 3611 892 3682; x_wconf 74' lang='grc' dir='ltr'><strong>εἰς</strong></span> <span class='ocrx_word' id='word_1_236' title='bbox 915 3601 1005 3689; x_wconf 83' lang='grc' dir='ltr'>ὅρια</span> <span class='ocrx_word' id='word_1_237' title='bbox 1032 3606 1204 3698; x_wconf 64' lang='grc' dir='ltr'><strong>φρύγιιι,Ι</strong></span> 
     </span>
    </p>

    <p class='ocr_par' dir='ltr' id='par_1_5' title="bbox 198 3705 1199 3951">
     <span class='ocr_line' id='line_1_31' title="bbox 198 3705 1197 3808; baseline 0.007 -29"><span class='ocrx_word' id='word_1_238' title='bbox 198 3743 201 3752; x_wconf 90' lang='grc'><strong><em>·</em></strong></span> <span class='ocrx_word' id='word_1_239' title='bbox 248 3705 379 3780; x_wconf 64' lang='lat' dir='ltr'><strong>&#39;liriaco</strong></span> <span class='ocrx_word' id='word_1_240' title='bbox 403 3709 423 3782; x_wconf 78' lang='lat'><strong>3</strong></span> <span class='ocrx_word' id='word_1_241' title='bbox 448 3716 481 3779; x_wconf 72' lang='grc' dir='ltr'><strong>δ’</strong></span> <span class='ocrx_word' id='word_1_242' title='bbox 500 3711 673 3798; x_wconf 76' lang='grc' dir='ltr'><strong><em>ἔξαρχος,</em></strong></span> <span class='ocrx_word' id='word_1_243' title='bbox 696 3709 869 3800; x_wconf 79' lang='grc' dir='ltr'>Βρόμιος,</span> <span class='ocrx_word' id='word_1_244' title='bbox 902 3709 989 3780; x_wconf 83' lang='grc' dir='ltr'><em>εὐοῖ·</em></span> <span class='ocrx_word' id='word_1_245' title='bbox 1012 3717 1065 3782; x_wconf 89' lang='lat' dir='ltr'><strong>ubi</strong></span> <span class='ocrx_word' id='word_1_246' title='bbox 1087 3743 1197 3808; x_wconf 86' lang='lat' dir='ltr'><strong>neque</strong></span> 
     </span>
     <span class='ocr_line' id='line_1_32' title="bbox 260 3809 1199 3951; baseline 0.006 -63"><span class='ocrx_word' id='word_1_247' title='bbox 260 3820 300 3888; x_wconf 68' lang='grc' dir='ltr'><strong>θ’</strong></span> <span class='ocrx_word' id='word_1_248' title='bbox 311 3823 404 3888; x_wconf 74' lang='lat' dir='ltr'><strong>inseri</strong></span> <span class='ocrx_word' id='word_1_249' title='bbox 424 3837 492 3909; x_wconf 78' lang='lat' dir='ltr'><strong>port</strong></span> <span class='ocrx_word' id='word_1_250' title='bbox 503 3809 634 3951; x_wconf 43' lang='lat' dir='ltr'><strong>hrihrap</strong></span> <span class='ocrx_word' id='word_1_251' title='bbox 646 3845 749 3910; x_wconf 83' lang='lat' dir='ltr'><strong>neque</strong></span> <span class='ocrx_word' id='word_1_252' title='bbox 760 3825 920 3890; x_wconf 78' lang='lat' dir='ltr'><strong>elisionem</strong></span> <span class='ocrx_word' id='word_1_253' title='bbox 934 3823 1104 3912; x_wconf 72' lang='lat' dir='ltr'><strong>particulae</strong></span> <span class='ocrx_word' id='word_1_254' title='bbox 1117 3828 1199 3894; x_wconf 78' lang='lat' dir='ltr'><strong>terri</strong></span> 
     </span>
    </p>
   </div>
   <div class='ocr_carea' id='block_1_3' title="bbox 0 0 1364 4650">
    <p class='ocr_par' dir='ltr' id='par_1_6' title="bbox 0 0 1364 4650">
     <span class='ocr_line' id='line_1_33' title="bbox 0 0 1364 4650; baseline 0 1"><span class='ocrx_word' id='word_1_255' title='bbox 0 0 1364 4650; x_wconf 95' lang='lat' dir='ltr'><strong> </strong></span> 
     </span>
    </p>
   </div>
  </div>
 </body>
</html>
