<?xml version="1.0" encoding="UTF-8"?>
<!DOCTYPE html PUBLIC "-//W3C//DTD XHTML 1.0 Transitional//EN"
    "http://www.w3.org/TR/xhtml1/DTD/xhtml1-transitional.dtd">
<html xmlns="http://www.w3.org/1999/xhtml" xml:lang="en" lang="en">
 <head>
  <title>
</title>
<meta http-equiv="Content-Type" content="text/html;charset=utf-8" />
  <meta name='ocr-system' content='tesseract 3.04.00' />
  <meta name='ocr-capabilities' content='ocr_page ocr_carea ocr_par ocr_line ocrx_word'/>
</head>
<body>
  <div class='ocr_page' id='page_1' title='image "./observationescr00khgoog/observationescr00khgoog_0126.png"; bbox 0 0 2726 4652; ppageno 0'>
   <div class='ocr_carea' id='block_1_1' title="bbox 110 431 1242 824">
    <p class='ocr_par' dir='ltr' id='par_1_1' title="bbox 110 399 1242 838">
     <span class='ocr_line' id='line_1_1' title="bbox 531 431 784 515; baseline 0 -27"><span class='ocrx_word' id='word_1_1' title='bbox 531 465 587 488; x_wconf 76' lang='grc'><strong>..-</strong></span> <span class='ocrx_word' id='word_1_2' title='bbox 631 431 685 515; x_wconf 64' lang='lat'><strong>39</strong></span> <span class='ocrx_word' id='word_1_3' title='bbox 733 468 784 488; x_wconf 72' lang='lat'><strong>..-</strong></span> 
     </span>
     <span class='ocr_line' id='line_1_2' title="bbox 192 575 1120 718; baseline -0.005 -19"><span class='ocrx_word' id='word_1_4' title='bbox 192 617 378 708; x_wconf 60' lang='lat' dir='ltr'><strong>addduer,</strong></span> <span class='ocrx_word' id='word_1_5' title='bbox 400 629 532 703; x_wconf 87' lang='lat' dir='ltr'><strong>similla,</strong></span> <span class='ocrx_word' id='word_1_6' title='bbox 559 631 644 694; x_wconf 85' lang='lat' dir='ltr'><strong>omni</strong></span> <span class='ocrx_word' id='word_1_7' title='bbox 665 630 822 718; x_wconf 72' lang='lat' dir='ltr'>analogiae</span> <span class='ocrx_word' id='word_1_8' title='bbox 841 585 1049 698; x_wconf 54' lang='lat' dir='ltr'><strong>minuendas</strong></span> <span class='ocrx_word' id='word_1_9' title='bbox 1070 575 1120 696; x_wconf 88' lang='lat' dir='ltr'><strong>Cl.</strong></span> 
     </span>
     <span class='ocr_line' id='line_1_3' title="bbox 110 731 1242 824; baseline -0.005 -18"><span class='ocrx_word' id='word_1_10' title='bbox 110 750 114 758; x_wconf 91' lang='grc'><strong>’</strong></span> <span class='ocrx_word' id='word_1_11' title='bbox 192 739 307 805; x_wconf 81' lang='lat' dir='ltr'><strong>Muta.</strong></span> <span class='ocrx_word' id='word_1_12' title='bbox 332 759 379 823; x_wconf 85' lang='lat' dir='ltr'><strong>gr.</strong></span> <span class='ocrx_word' id='word_1_13' title='bbox 397 757 445 821; x_wconf 83' lang='lat' dir='ltr'><strong>gt.</strong></span> <span class='ocrx_word' id='word_1_14' title='bbox 466 759 498 824; x_wconf 93' lang='lat' dir='ltr'><strong>p</strong></span> <span class='ocrx_word' id='word_1_15' title='bbox 507 731 585 810; x_wconf 75' lang='lat'><strong>223,</strong></span> <span class='ocrx_word' id='word_1_16' title='bbox 606 749 668 799; x_wconf 88' lang='lat' dir='ltr'><strong>not.</strong></span> <span class='ocrx_word' id='word_1_17' title='bbox 679 737 719 817; x_wconf 88' lang='lat' dir='ltr'><strong>n)</strong></span> <span class='ocrx_word' id='word_1_18' title='bbox 739 736 789 799; x_wconf 88' lang='lat' dir='ltr'><strong>ed.</strong></span> <span class='ocrx_word' id='word_1_19' title='bbox 804 733 848 798; x_wconf 89' lang='lat'><strong>11.</strong></span> <span class='ocrx_word' id='word_1_20' title='bbox 891 733 1001 820; x_wconf 88' lang='lat' dir='ltr'><strong>Neque</strong></span> <span class='ocrx_word' id='word_1_21' title='bbox 1020 751 1122 800; x_wconf 86' lang='lat' dir='ltr'><strong>tamen</strong></span> <span class='ocrx_word' id='word_1_22' title='bbox 1147 791 1182 812; x_wconf 68' lang='grc'><strong>.,</strong></span> <span class='ocrx_word' id='word_1_23' title='bbox 1240 773 1242 780; x_wconf 69' lang='lat'><em>,</em></span> 
     </span>
    </p>
   </div>
   <div class='ocr_carea' id='block_1_2' title="bbox 125 842 1124 1146">
    <p class='ocr_par' dir='ltr' id='par_1_2' title="bbox 125 842 1124 1146">
     <span class='ocr_line' id='line_1_4' title="bbox 193 842 1122 933; baseline -0.006 -23"><span class='ocrx_word' id='word_1_24' title='bbox 193 846 474 933; x_wconf 78' lang='lat' dir='ltr'><strong>ego&#39;vehementer</strong></span> <span class='ocrx_word' id='word_1_25' title='bbox 485 843 732 928; x_wconf 82' lang='lat' dir='ltr'><strong>repugnaverim,</strong></span> <span class='ocrx_word' id='word_1_26' title='bbox 753 842 863 926; x_wconf 85' lang='lat' dir='ltr'><strong>siquis</strong></span> <span class='ocrx_word' id='word_1_27' title='bbox 884 842 918 904; x_wconf 92' lang='lat' dir='ltr'><strong>in</strong></span> <span class='ocrx_word' id='word_1_28' title='bbox 938 843 1037 926; x_wconf 85' lang='lat' dir='ltr'><strong>primo</strong></span> <span class='ocrx_word' id='word_1_29' title='bbox 1059 843 1122 908; x_wconf 93' lang='lat' dir='ltr'><strong>ictu</strong></span> 
     </span>
     <span class='ocr_line' id='line_1_5' title="bbox 125 947 1122 1037; baseline -0.003 -21"><span class='ocrx_word' id='word_1_30' title='bbox 125 977 128 984; x_wconf 53' lang='lat'>¹</span> <span class='ocrx_word' id='word_1_31' title='bbox 192 953 299 1016; x_wconf 76' lang='lat' dir='ltr'>tertiae</span> <span class='ocrx_word' id='word_1_32' title='bbox 320 948 444 1014; x_wconf 80' lang='lat' dir='ltr'><strong>iambici</strong></span> <span class='ocrx_word' id='word_1_33' title='bbox 468 969 574 1013; x_wconf 81' lang='lat' dir='ltr'><strong>versus</strong></span> <span class='ocrx_word' id='word_1_34' title='bbox 595 948 754 1031; x_wconf 89' lang='lat' dir='ltr'><strong>dipodiae,</strong></span> <span class='ocrx_word' id='word_1_35' title='bbox 783 949 808 1012; x_wconf 87' lang='lat' dir='ltr'><strong>si</strong></span> <span class='ocrx_word' id='word_1_36' title='bbox 822 949 917 1037; x_wconf 15' lang='lat' dir='ltr'><strong>&#39;prius</strong></span> <span class='ocrx_word' id='word_1_37' title='bbox 937 947 1122 1014; x_wconf 77' lang='lat' dir='ltr'><strong>uocabulum</strong></span> 
     </span>
     <span class='ocr_line' id='line_1_6' title="bbox 191 1043 1124 1146; baseline -0.005 -25"><span class='ocrx_word' id='word_1_38' title='bbox 191 1056 438 1146; x_wconf 83' lang='lat' dir='ltr'><strong>monosyllabum</strong></span> <span class='ocrx_word' id='word_1_39' title='bbox 468 1043 597 1118; x_wconf 86' lang='lat' dir='ltr'><strong>accentu</strong></span> <span class='ocrx_word' id='word_1_40' title='bbox 627 1055 780 1117; x_wconf 86' lang='lat' dir='ltr'><strong>intentum</strong></span> <span class='ocrx_word' id='word_1_41' title='bbox 804 1070 863 1129; x_wconf 87' lang='lat' dir='ltr'><strong>est,</strong></span> <span class='ocrx_word' id='word_1_42' title='bbox 891 1075 997 1116; x_wconf 81' lang='lat' dir='ltr'><strong>veram</strong></span> <span class='ocrx_word' id='word_1_43' title='bbox 1022 1055 1124 1116; x_wconf 85' lang='lat' dir='ltr'><strong>elisio-</strong></span> 
     </span>
    </p>
   </div>
   <div class='ocr_carea' id='block_1_3' title="bbox 191 1147 1248 1243">
    <p class='ocr_par' dir='ltr' id='par_1_3' title="bbox 191 1147 1248 1243">
     <span class='ocr_line' id='line_1_7' title="bbox 191 1147 1248 1243; baseline 0 -19"><span class='ocrx_word' id='word_1_44' title='bbox 191 1185 265 1224; x_wconf 86' lang='lat' dir='ltr'><strong>nem</strong></span> <span class='ocrx_word' id='word_1_45' title='bbox 287 1176 408 1236; x_wconf 86' lang='lat' dir='ltr'><strong>atatuat‚</strong></span> <span class='ocrx_word' id='word_1_46' title='bbox 436 1175 470 1222; x_wconf 94' lang='lat' dir='ltr'><strong>ut</strong></span> <span class='ocrx_word' id='word_1_47' title='bbox 492 1161 586 1243; x_wconf 86' lang='lat' dir='ltr'><strong>Soph.</strong></span> <span class='ocrx_word' id='word_1_48' title='bbox 607 1160 661 1222; x_wconf 85' lang='grc' dir='ltr'><strong>Αἰ.</strong></span> <span class='ocrx_word' id='word_1_49' title='bbox 682 1159 758 1226; x_wconf 80' lang='grc'><strong>936.</strong></span> <span class='ocrx_word' id='word_1_50' title='bbox 779 1149 832 1243; x_wconf 71' lang='grc' dir='ltr'><strong>μὴ</strong></span> <span class='ocrx_word' id='word_1_51' title='bbox 848 1147 1018 1236; x_wconf 75' lang='grc' dir='ltr'><strong>·’πόὃουν,</strong></span> <span class='ocrx_word' id='word_1_52' title='bbox 1039 1156 1121 1243; x_wconf 71' lang='lat' dir='ltr'><strong>Oen.</strong></span> <span class='ocrx_word' id='word_1_53' title='bbox 1244 1193 1248 1200; x_wconf 81' lang='lat'><em>-</em></span> 
     </span>
    </p>
   </div>
   <div class='ocr_carea' id='block_1_4' title="bbox 161 1255 1185 1566">
    <p class='ocr_par' dir='ltr' id='par_1_4' title="bbox 161 1255 1185 1566">
     <span class='ocr_line' id='line_1_8' title="bbox 192 1255 1169 1350; baseline 0.001 -20"><span class='ocrx_word' id='word_1_54' title='bbox 192 1266 232 1332; x_wconf 83' lang='lat' dir='ltr'><strong>ll.</strong></span> <span class='ocrx_word' id='word_1_55' title='bbox 259 1265 334 1332; x_wconf 83' lang='lat'><strong>426.</strong></span> <span class='ocrx_word' id='word_1_56' title='bbox 361 1257 414 1348; x_wconf 75' lang='grc' dir='ltr'><strong>μὴ</strong></span> <span class='ocrx_word' id='word_1_57' title='bbox 441 1255 582 1334; x_wconf 61' lang='lat' dir='ltr'><strong>’uallata</strong></span> <span class='ocrx_word' id='word_1_58' title='bbox 626 1264 717 1350; x_wconf 85' lang='lat' dir='ltr'><strong>Quae</strong></span> <span class='ocrx_word' id='word_1_59' title='bbox 744 1268 844 1330; x_wconf 88' lang='lat' dir='ltr'><strong>minus</strong></span> <span class='ocrx_word' id='word_1_60' title='bbox 871 1267 972 1330; x_wconf 88' lang='lat' dir='ltr'><strong>suavis</strong></span> <span class='ocrx_word' id='word_1_61' title='bbox 1001 1280 1064 1343; x_wconf 90' lang='lat' dir='ltr'><strong>est,</strong></span> <span class='ocrx_word' id='word_1_62' title='bbox 1096 1268 1123 1331; x_wconf 88' lang='lat' dir='ltr'><strong>ai</strong></span> <span class='ocrx_word' id='word_1_63' title='bbox 1166 1257 1169 1264; x_wconf 62' lang='grc'><strong>’</strong></span> 
     </span>
     <span class='ocr_line' id='line_1_9' title="bbox 161 1349 1185 1465; baseline 0.023 -54"><span class='ocrx_word' id='word_1_64' title='bbox 161 1408 163 1412; x_wconf 89' lang='grc'><strong>.</strong></span> <span class='ocrx_word' id='word_1_65' title='bbox 187 1389 243 1437; x_wconf 60' lang='grc' dir='ltr'><strong>«αυτ</strong></span> <span class='ocrx_word' id='word_1_66' title='bbox 264 1396 283 1435; x_wconf 85' lang='lat' dir='ltr'><strong>e</strong></span> <span class='ocrx_word' id='word_1_67' title='bbox 304 1372 442 1456; x_wconf 79' lang='lat' dir='ltr'><strong>pluribus</strong></span> <span class='ocrx_word' id='word_1_68' title='bbox 463 1371 587 1465; x_wconf 75' lang='lat' dir='ltr'><strong>syllabis</strong></span> <span class='ocrx_word' id='word_1_69' title='bbox 608 1373 694 1454; x_wconf 86' lang='lat' dir='ltr'><strong>prius</strong></span> <span class='ocrx_word' id='word_1_70' title='bbox 714 1370 899 1436; x_wconf 85' lang='lat' dir='ltr'><strong>vocabulum</strong></span> <span class='ocrx_word' id='word_1_71' title='bbox 919 1386 1048 1448; x_wconf 89' lang='lat' dir='ltr'><strong>constat,</strong></span> <span class='ocrx_word' id='word_1_72' title='bbox 1074 1389 1127 1435; x_wconf 88' lang='lat' dir='ltr'><strong>aut</strong></span> <span class='ocrx_word' id='word_1_73' title='bbox 1171 1349 1185 1380; x_wconf 30' lang='grc' dir='ltr'><em>κ</em></span> 
     </span>
     <span class='ocr_line' id='line_1_10' title="bbox 191 1476 1123 1566; baseline -0.002 -24"><span class='ocrx_word' id='word_1_74' title='bbox 191 1476 437 1566; x_wconf 64' lang='lat' dir='ltr'><strong>monosyllabum</strong></span> <span class='ocrx_word' id='word_1_75' title='bbox 450 1477 588 1563; x_wconf 80' lang='lat' dir='ltr'><strong>quidam,</strong></span> <span class='ocrx_word' id='word_1_76' title='bbox 612 1478 666 1539; x_wconf 88' lang='lat' dir='ltr'><strong>sed</strong></span> <span class='ocrx_word' id='word_1_77' title='bbox 686 1477 865 1540; x_wconf 81' lang='lat' dir='ltr'><strong>encliticam</strong></span> <span class='ocrx_word' id='word_1_78' title='bbox 884 1493 938 1549; x_wconf 86' lang='lat' dir='ltr'><strong>est,</strong></span> <span class='ocrx_word' id='word_1_79' title='bbox 961 1493 994 1542; x_wconf 91' lang='lat' dir='ltr'><strong>ut</strong></span> <span class='ocrx_word' id='word_1_80' title='bbox 1006 1479 1123 1542; x_wconf 73' lang='lat' dir='ltr'><strong>Aesch.</strong></span> 
     </span>
    </p>
   </div>
   <div class='ocr_carea' id='block_1_5' title="bbox 186 1571 1260 1678">
    <p class='ocr_par' dir='ltr' id='par_1_5' title="bbox 186 1571 1260 1678">
     <span class='ocr_line' id='line_1_11' title="bbox 186 1571 1260 1678; baseline 0.003 -32"><span class='ocrx_word' id='word_1_81' title='bbox 186 1586 280 1671; x_wconf 72' lang='lat' dir='ltr'><strong>¹Sept.</strong></span> <span class='ocrx_word' id='word_1_82' title='bbox 300 1581 366 1650; x_wconf 82' lang='lat'><strong>590</strong></span> <span class='ocrx_word' id='word_1_83' title='bbox 388 1583 483 1644; x_wconf 84' lang='lat' dir='ltr'><strong>Well.</strong></span> <span class='ocrx_word' id='word_1_84' title='bbox 506 1580 698 1668; x_wconf 66' lang='grc' dir='ltr'><strong>παγκοίνῳ</strong></span> <span class='ocrx_word' id='word_1_85' title='bbox 720 1571 847 1665; x_wconf 61' lang='lat' dir='ltr'><strong>&#39;tioium</strong></span> <span class='ocrx_word' id='word_1_86' title='bbox 870 1584 963 1666; x_wconf 86' lang='lat' dir='ltr'><strong>Soph.</strong></span> <span class='ocrx_word' id='word_1_87' title='bbox 984 1581 1038 1647; x_wconf 82' lang='lat' dir='ltr'><strong>At.</strong></span> <span class='ocrx_word' id='word_1_88' title='bbox 1059 1583 1124 1656; x_wconf 77' lang='grc'><strong>888</strong></span> <span class='ocrx_word' id='word_1_89' title='bbox 1251 1643 1260 1678; x_wconf 31' lang='grc' dir='ltr'><strong>Ι,</strong></span> 
     </span>
    </p>
   </div>
   <div class='ocr_carea' id='block_1_6' title="bbox 187 1675 1217 2194">
    <p class='ocr_par' dir='ltr' id='par_1_6' title="bbox 187 1675 1217 2194">
     <span class='ocr_line' id='line_1_12' title="bbox 192 1675 1124 1782; baseline 0.003 -31"><span class='ocrx_word' id='word_1_90' title='bbox 192 1687 277 1752; x_wconf 80' lang='grc' dir='ltr'><strong>οἵου</strong></span> <span class='ocrx_word' id='word_1_91' title='bbox 296 1675 581 1776; x_wconf 69' lang='grc' dir='ltr'><strong>ἠοάφης,·’οοἀ.Ι</strong></span> <span class='ocrx_word' id='word_1_92' title='bbox 596 1692 671 1779; x_wconf 84' lang='lat' dir='ltr'>Tyr.</span> <span class='ocrx_word' id='word_1_93' title='bbox 693 1687 758 1754; x_wconf 90' lang='grc'><strong>844</strong></span> <span class='ocrx_word' id='word_1_94' title='bbox 775 1679 847 1772; x_wconf 73' lang='grc' dir='ltr'><strong>ἐγώ</strong></span> <span class='ocrx_word' id='word_1_95' title='bbox 869 1679 1028 1753; x_wconf 59' lang='lat' dir='ltr'><strong>’aaaron</strong></span> <span class='ocrx_word' id='word_1_96' title='bbox 1069 1691 1124 1782; x_wconf 79' lang='lat' dir='ltr'><strong>Sic</strong></span> 
     </span>
     <span class='ocr_line' id='line_1_13' title="bbox 191 1788 1125 1882; baseline -0.001 -24"><span class='ocrx_word' id='word_1_97' title='bbox 191 1796 225 1858; x_wconf 91' lang='lat' dir='ltr'><strong>iu</strong></span> <span class='ocrx_word' id='word_1_98' title='bbox 245 1794 468 1882; x_wconf 74' lang='lat' dir='ltr'><strong>recentioribus</strong></span> <span class='ocrx_word' id='word_1_99' title='bbox 492 1795 676 1859; x_wconf 84' lang='lat' dir='ltr'><strong>editionibus</strong></span> <span class='ocrx_word' id='word_1_100' title='bbox 701 1794 816 1880; x_wconf 88' lang='lat' dir='ltr'><strong>ubique</strong></span> <span class='ocrx_word' id='word_1_101' title='bbox 843 1797 988 1878; x_wconf 80' lang='lat' dir='ltr'><strong>scripturn</strong></span> <span class='ocrx_word' id='word_1_102' title='bbox 1010 1788 1125 1880; x_wconf 64' lang='lat' dir='ltr'><strong>repeii·</strong></span> 
     </span>
     <span class='ocr_line' id='line_1_14' title="bbox 192 1885 1176 1986; baseline -0.002 -21"><span class='ocrx_word' id='word_1_103' title='bbox 192 1919 271 1978; x_wconf 84' lang='lat' dir='ltr'><strong>mus,</strong></span> <span class='ocrx_word' id='word_1_104' title='bbox 294 1920 396 1985; x_wconf 86' lang='lat' dir='ltr'><strong>neque</strong></span> <span class='ocrx_word' id='word_1_105' title='bbox 418 1885 542 1964; x_wconf 83' lang='lat' dir='ltr'><strong>omnino</strong></span> <span class='ocrx_word' id='word_1_106' title='bbox 564 1892 598 1972; x_wconf 82' lang='lat' dir='ltr'><strong>in</strong></span> <span class='ocrx_word' id='word_1_107' title='bbox 618 1900 757 1984; x_wconf 73' lang='lat' dir='ltr'><strong>plurimis</strong></span> <span class='ocrx_word' id='word_1_108' title='bbox 778 1902 841 1966; x_wconf 89' lang='lat' dir='ltr'><strong>ulla</strong></span> <span class='ocrx_word' id='word_1_109' title='bbox 861 1902 1017 1986; x_wconf 75' lang='lat' dir='ltr'><strong>augmenti</strong></span> <span class='ocrx_word' id='word_1_110' title='bbox 1039 1901 1138 1964; x_wconf 39' lang='lat' dir='ltr'><strong>omit-¹·</strong></span> <span class='ocrx_word' id='word_1_111' title='bbox 1173 1925 1176 1932; x_wconf 62' lang='lat'><strong>⁴</strong></span> 
     </span>
     <span class='ocr_line' id='line_1_15' title="bbox 187 2003 1129 2090; baseline -0.002 -20"><span class='ocrx_word' id='word_1_112' title='bbox 187 2009 276 2070; x_wconf 85' lang='lat' dir='ltr'><strong>tendi</strong></span> <span class='ocrx_word' id='word_1_113' title='bbox 296 2007 461 2070; x_wconf 76' lang='lat' dir='ltr'><strong>necessitas</strong></span> <span class='ocrx_word' id='word_1_114' title='bbox 482 2003 608 2070; x_wconf 80' lang='lat' dir='ltr'><strong>subesse</strong></span> <span class='ocrx_word' id='word_1_115' title='bbox 627 2006 760 2076; x_wconf 71' lang='lat' dir='ltr'><strong>videaur,</strong></span> <span class='ocrx_word' id='word_1_116' title='bbox 802 2007 912 2090; x_wconf 86' lang='lat' dir='ltr'><strong>Neque</strong></span> <span class='ocrx_word' id='word_1_117' title='bbox 929 2009 1011 2070; x_wconf 86' lang='lat' dir='ltr'><strong>enim</strong></span> <span class='ocrx_word' id='word_1_118' title='bbox 1026 2004 1129 2072; x_wconf 69' lang='lat' dir='ltr'><strong>ctas&#39;in.</strong></span> 
     </span>
     <span class='ocr_line' id='line_1_16' title="bbox 192 2087 1217 2194; baseline -0.002 -17"><span class='ocrx_word' id='word_1_119' title='bbox 192 2115 225 2177; x_wconf 92' lang='lat' dir='ltr'><strong>in</strong></span> <span class='ocrx_word' id='word_1_120' title='bbox 249 2112 391 2176; x_wconf 88' lang='lat' dir='ltr'><strong>omuibus</strong></span> <span class='ocrx_word' id='word_1_121' title='bbox 418 2113 465 2175; x_wconf 86' lang='lat' dir='ltr'><strong>his</strong></span> <span class='ocrx_word' id='word_1_122' title='bbox 491 2113 593 2175; x_wconf 85' lang='lat' dir='ltr'><strong>inesse</strong></span> <span class='ocrx_word' id='word_1_123' title='bbox 617 2111 770 2194; x_wconf 81' lang='lat' dir='ltr'><strong>persuasit</strong></span> <span class='ocrx_word' id='word_1_124' title='bbox 794 2111 868 2173; x_wconf 86' lang='lat' dir='ltr'><strong>mibi</strong></span> <span class='ocrx_word' id='word_1_125' title='bbox 895 2111 1063 2175; x_wconf 84' lang='lat' dir='ltr'><strong>Hermann.</strong></span> <span class='ocrx_word' id='word_1_126' title='bbox 1087 2087 1143 2194; x_wconf 54' lang='grc' dir='ltr'>ἢ</span> <span class='ocrx_word' id='word_1_127' title='bbox 1213 2117 1217 2124; x_wconf 83' lang='lat'>&#39;</span> 
     </span>
    </p>
   </div>
   <div class='ocr_carea' id='block_1_7' title="bbox 191 2209 1125 2304">
    <p class='ocr_par' dir='ltr' id='par_1_7' title="bbox 191 2209 1125 2304">
     <span class='ocr_line' id='line_1_17' title="bbox 191 2209 1125 2304; baseline 0 -23"><span class='ocrx_word' id='word_1_128' title='bbox 191 2221 288 2304; x_wconf 80' lang='lat' dir='ltr'><strong>prael.</strong></span> <span class='ocrx_word' id='word_1_129' title='bbox 313 2217 362 2281; x_wconf 85' lang='lat' dir='ltr'><strong>ad.</strong></span> <span class='ocrx_word' id='word_1_130' title='bbox 383 2217 458 2281; x_wconf 85' lang='lat' dir='ltr'><strong>Eur.</strong></span> <span class='ocrx_word' id='word_1_131' title='bbox 481 2214 594 2283; x_wconf 83' lang='lat' dir='ltr'><strong>Bacch.</strong></span> <span class='ocrx_word' id='word_1_132' title='bbox 622 2239 653 2300; x_wconf 85' lang='lat' dir='ltr'><strong>p.</strong></span> <span class='ocrx_word' id='word_1_133' title='bbox 676 2213 728 2280; x_wconf 65' lang='lat'><strong>14„</strong></span> <span class='ocrx_word' id='word_1_134' title='bbox 778 2215 890 2301; x_wconf 85' lang='lat' dir='ltr'><strong>Aeque</strong></span> <span class='ocrx_word' id='word_1_135' title='bbox 915 2209 1043 2279; x_wconf 87' lang='lat' dir='ltr'><strong>dubium</strong></span> <span class='ocrx_word' id='word_1_136' title='bbox 1068 2231 1125 2304; x_wconf 63' lang='lat' dir='ltr'><strong>est,</strong></span> 
     </span>
    </p>
   </div>
   <div class='ocr_carea' id='block_1_8' title="bbox 192 2303 1248 2392">
    <p class='ocr_par' dir='ltr' id='par_1_8' title="bbox 192 2303 1248 2392">
     <span class='ocr_line' id='line_1_18' title="bbox 192 2303 1248 2392; baseline -0.009 0"><span class='ocrx_word' id='word_1_137' title='bbox 192 2348 230 2392; x_wconf 84' lang='lat' dir='ltr'><strong>an</strong></span> <span class='ocrx_word' id='word_1_138' title='bbox 251 2326 325 2387; x_wconf 84' lang='lat' dir='ltr'><strong>iure</strong></span> <span class='ocrx_word' id='word_1_139' title='bbox 342 2345 411 2386; x_wconf 82' lang='lat' dir='ltr'><strong>eant</strong></span> <span class='ocrx_word' id='word_1_140' title='bbox 432 2323 594 2387; x_wconf 82' lang='lat' dir='ltr'><strong>elisionem</strong></span> <span class='ocrx_word' id='word_1_141' title='bbox 607 2303 776 2386; x_wconf 83' lang='lat' dir='ltr'><strong>Elmslsina¹</strong></span> <span class='ocrx_word' id='word_1_142' title='bbox 794 2323 831 2385; x_wconf 88' lang='lat' dir='ltr'><strong>ad</strong></span> <span class='ocrx_word' id='word_1_143' title='bbox 846 2321 958 2386; x_wconf 87' lang='lat' dir='ltr'><strong>Bacch.</strong></span> <span class='ocrx_word' id='word_1_144' title='bbox 980 2321 1065 2388; x_wconf 79' lang='lat'><strong>1132</strong></span> <span class='ocrx_word' id='word_1_145' title='bbox 1086 2303 1137 2384; x_wconf 77' lang='lat' dir='ltr'><strong>ad&#39;</strong></span> <span class='ocrx_word' id='word_1_146' title='bbox 1240 2325 1248 2336; x_wconf 77' lang='grc'><strong>“</strong></span> 
     </span>
    </p>
   </div>
   <div class='ocr_carea' id='block_1_9' title="bbox 191 2421 1125 2516">
    <p class='ocr_par' dir='ltr' id='par_1_9' title="bbox 191 2421 1125 2516">
     <span class='ocr_line' id='line_1_19' title="bbox 191 2421 1125 2516; baseline -0.004 -22"><span class='ocrx_word' id='word_1_147' title='bbox 191 2445 391 2516; x_wconf 85' lang='lat' dir='ltr'><strong>augmentant</strong></span> <span class='ocrx_word' id='word_1_148' title='bbox 409 2428 498 2492; x_wconf 81' lang='lat' dir='ltr'><strong>verbi</strong></span> <span class='ocrx_word' id='word_1_149' title='bbox 519 2430 552 2491; x_wconf 89' lang='lat' dir='ltr'><strong>in</strong></span> <span class='ocrx_word' id='word_1_150' title='bbox 572 2421 671 2512; x_wconf 86' lang='lat' dir='ltr'><strong>primo</strong></span> <span class='ocrx_word' id='word_1_151' title='bbox 692 2429 773 2513; x_wconf 81' lang='lat' dir='ltr'><strong>pede</strong></span> <span class='ocrx_word' id='word_1_152' title='bbox 793 2429 939 2501; x_wconf 86' lang='lat' dir='ltr'><strong>trimetri,</strong></span> <span class='ocrx_word' id='word_1_153' title='bbox 959 2427 1052 2516; x_wconf 89' lang='lat' dir='ltr'><strong>longa</strong></span> <span class='ocrx_word' id='word_1_154' title='bbox 1071 2447 1125 2491; x_wconf 82' lang='lat' dir='ltr'><strong>vo·</strong></span> 
     </span>
    </p>
   </div>
   <div class='ocr_carea' id='block_1_10' title="bbox 189 2525 1261 2621">
    <p class='ocr_par' dir='ltr' id='par_1_10' title="bbox 189 2525 1261 2621">
     <span class='ocr_line' id='line_1_20' title="bbox 189 2525 1261 2621; baseline -0.003 -21"><span class='ocrx_word' id='word_1_155' title='bbox 189 2537 252 2600; x_wconf 90' lang='lat' dir='ltr'><strong>cali</strong></span> <span class='ocrx_word' id='word_1_156' title='bbox 285 2525 337 2599; x_wconf 88' lang='lat' dir='ltr'><strong>aut</strong></span> <span class='ocrx_word' id='word_1_157' title='bbox 372 2533 559 2621; x_wconf 77' lang='lat' dir='ltr'><strong>diphthongo</strong></span> <span class='ocrx_word' id='word_1_158' title='bbox 594 2535 628 2596; x_wconf 90' lang='lat' dir='ltr'><strong>in</strong></span> <span class='ocrx_word' id='word_1_159' title='bbox 659 2535 761 2618; x_wconf 80' lang='lat' dir='ltr'><strong>priore</strong></span> <span class='ocrx_word' id='word_1_160' title='bbox 791 2553 884 2599; x_wconf 80' lang='lat' dir='ltr'><strong>uersu</strong></span> <span class='ocrx_word' id='word_1_161' title='bbox 913 2536 1125 2612; x_wconf 79' lang='lat' dir='ltr'><strong>antecedente,</strong></span> <span class='ocrx_word' id='word_1_162' title='bbox 1184 2591 1187 2600; x_wconf 89' lang='lat'><em>.</em></span> <span class='ocrx_word' id='word_1_163' title='bbox 1258 2581 1261 2588; x_wconf 83' lang='lat'>.</span> 
     </span>
    </p>
   </div>
   <div class='ocr_carea' id='block_1_11' title="bbox 101 2639 1128 3044">
    <p class='ocr_par' dir='ltr' id='par_1_11' title="bbox 101 2639 1128 3044">
     <span class='ocr_line' id='line_1_21' title="bbox 191 2639 1124 2724; baseline -0.002 -20"><span class='ocrx_word' id='word_1_164' title='bbox 191 2643 356 2706; x_wconf 81' lang='lat' dir='ltr'><strong>transferre</strong></span> <span class='ocrx_word' id='word_1_165' title='bbox 382 2655 507 2704; x_wconf 86' lang='lat' dir='ltr'><strong>conatus</strong></span> <span class='ocrx_word' id='word_1_166' title='bbox 528 2643 580 2716; x_wconf 81' lang='lat' dir='ltr'><strong>sit3</strong></span> <span class='ocrx_word' id='word_1_167' title='bbox 604 2639 721 2706; x_wconf 86' lang='lat' dir='ltr'><strong>dubitat</strong></span> <span class='ocrx_word' id='word_1_168' title='bbox 746 2642 813 2724; x_wconf 82' lang='lat' dir='ltr'><strong>ipse</strong></span> <span class='ocrx_word' id='word_1_169' title='bbox 834 2641 1028 2706; x_wconf 81' lang='lat' dir='ltr'><strong>Hermannua</strong></span> <span class='ocrx_word' id='word_1_170' title='bbox 1058 2641 1080 2704; x_wconf 91' lang='lat' dir='ltr'><strong>l.</strong></span> <span class='ocrx_word' id='word_1_171' title='bbox 1101 2640 1124 2703; x_wconf 89' lang='lat' dir='ltr'><strong>l.</strong></span> 
     </span>
     <span class='ocr_line' id='line_1_22' title="bbox 101 2744 1125 2833; baseline 0 -23"><span class='ocrx_word' id='word_1_172' title='bbox 101 2777 105 2786; x_wconf 92' lang='lat'>·</span> <span class='ocrx_word' id='word_1_173' title='bbox 191 2769 220 2831; x_wconf 92' lang='lat' dir='ltr'><strong>p.</strong></span> <span class='ocrx_word' id='word_1_174' title='bbox 236 2745 289 2810; x_wconf 93' lang='grc'><strong>18.</strong></span> <span class='ocrx_word' id='word_1_175' title='bbox 328 2745 380 2811; x_wconf 86' lang='lat' dir='ltr'><strong>Cf.</strong></span> <span class='ocrx_word' id='word_1_176' title='bbox 399 2746 512 2810; x_wconf 86' lang='lat' dir='ltr'><strong>Matth.</strong></span> <span class='ocrx_word' id='word_1_177' title='bbox 534 2769 580 2833; x_wconf 84' lang='lat' dir='ltr'><strong>gr.</strong></span> <span class='ocrx_word' id='word_1_178' title='bbox 598 2744 701 2832; x_wconf 57' lang='grc' dir='ltr'><strong>ΒΜ).</strong></span> <span class='ocrx_word' id='word_1_179' title='bbox 717 2747 791 2810; x_wconf 84' lang='grc'><strong>113.</strong></span> <span class='ocrx_word' id='word_1_180' title='bbox 813 2762 875 2810; x_wconf 91' lang='lat' dir='ltr'><strong>not.</strong></span> <span class='ocrx_word' id='word_1_181' title='bbox 894 2747 937 2811; x_wconf 81' lang='lat' dir='ltr'><strong>X.</strong></span> <span class='ocrx_word' id='word_1_182' title='bbox 959 2781 1000 2798; x_wconf 89' lang='lat'><strong>·-</strong></span> <span class='ocrx_word' id='word_1_183' title='bbox 1024 2747 1125 2810; x_wconf 88' lang='lat' dir='ltr'><strong>Prima</strong></span> 
     </span>
     <span class='ocr_line' id='line_1_23' title="bbox 191 2851 1128 2938; baseline -0.004 -22"><span class='ocrx_word' id='word_1_184' title='bbox 191 2855 313 2931; x_wconf 87' lang='lat' dir='ltr'><strong>classis,</strong></span> <span class='ocrx_word' id='word_1_185' title='bbox 341 2875 433 2938; x_wconf 86' lang='lat' dir='ltr'><strong>quam</strong></span> <span class='ocrx_word' id='word_1_186' title='bbox 458 2855 609 2920; x_wconf 89' lang='lat' dir='ltr'><strong>constituit</strong></span> <span class='ocrx_word' id='word_1_187' title='bbox 633 2851 818 2930; x_wconf 80' lang='lat' dir='ltr'><strong>Elmaleius,</strong></span> <span class='ocrx_word' id='word_1_188' title='bbox 849 2873 886 2915; x_wconf 87' lang='lat' dir='ltr'><strong>ea</strong></span> <span class='ocrx_word' id='word_1_189' title='bbox 912 2851 1128 2934; x_wconf 72' lang='lat' dir='ltr'><strong>complectitur</strong></span> 
     </span>
     <span class='ocr_line' id='line_1_24' title="bbox 162 2957 1125 3044; baseline -0.002 -24"><span class='ocrx_word' id='word_1_190' title='bbox 162 3037 164 3044; x_wconf 17' lang='grc' dir='ltr'><strong><em>Α</em></strong></span> <span class='ocrx_word' id='word_1_191' title='bbox 188 2959 353 3044; x_wconf 86' lang='lat' dir='ltr'><strong>exempla,</strong></span> <span class='ocrx_word' id='word_1_192' title='bbox 380 2961 414 3020; x_wconf 93' lang='lat' dir='ltr'><strong>in</strong></span> <span class='ocrx_word' id='word_1_193' title='bbox 440 2957 550 3043; x_wconf 88' lang='lat' dir='ltr'><strong>quibus</strong></span> <span class='ocrx_word' id='word_1_194' title='bbox 576 2970 773 3042; x_wconf 85' lang='lat' dir='ltr'><strong>augmentum</strong></span> <span class='ocrx_word' id='word_1_195' title='bbox 806 2959 873 3022; x_wconf 88' lang='lat' dir='ltr'><strong>sine</strong></span> <span class='ocrx_word' id='word_1_196' title='bbox 901 2966 1008 3020; x_wconf 79' lang='lat' dir='ltr'><strong>versus</strong></span> <span class='ocrx_word' id='word_1_197' title='bbox 1033 2957 1125 3018; x_wconf 81' lang='lat' dir='ltr'><strong>detri-</strong></span> 
     </span>
    </p>
   </div>
   <div class='ocr_carea' id='block_1_12' title="bbox 190 3061 1233 3148">
    <p class='ocr_par' dir='ltr' id='par_1_12' title="bbox 190 3061 1233 3148">
     <span class='ocr_line' id='line_1_25' title="bbox 190 3061 1233 3148; baseline -0.001 -22"><span class='ocrx_word' id='word_1_198' title='bbox 190 3080 302 3128; x_wconf 80' lang='lat' dir='ltr'><strong>mento.</strong></span> <span class='ocrx_word' id='word_1_199' title='bbox 312 3065 383 3132; x_wconf 87' lang='lat' dir='ltr'><strong>addi</strong></span> <span class='ocrx_word' id='word_1_200' title='bbox 399 3067 502 3148; x_wconf 84' lang='lat' dir='ltr'><strong>possit.</strong></span> <span class='ocrx_word' id='word_1_201' title='bbox 532 3062 654 3129; x_wconf 86' lang='lat' dir='ltr'><strong>Mirum</strong></span> <span class='ocrx_word' id='word_1_202' title='bbox 675 3077 776 3125; x_wconf 88' lang='lat' dir='ltr'><strong>tamen</strong></span> <span class='ocrx_word' id='word_1_203' title='bbox 797 3063 897 3128; x_wconf 83' lang='lat' dir='ltr'><strong>videri</strong></span> <span class='ocrx_word' id='word_1_204' title='bbox 918 3061 1019 3136; x_wconf 84' lang='lat' dir='ltr'><strong>debet,</strong></span> <span class='ocrx_word' id='word_1_205' title='bbox 1034 3063 1125 3125; x_wconf 84' lang='lat' dir='ltr'><strong>unde</strong></span> <span class='ocrx_word' id='word_1_206' title='bbox 1226 3119 1233 3130; x_wconf 83' lang='lat'><strong>.</strong></span> 
     </span>
    </p>
   </div>
   <div class='ocr_carea' id='block_1_13' title="bbox 124 3165 1217 3998">
    <p class='ocr_par' dir='ltr' id='par_1_13' title="bbox 124 3165 1146 3894">
     <span class='ocr_line' id='line_1_26' title="bbox 191 3165 1128 3246; baseline -0.003 -14"><span class='ocrx_word' id='word_1_207' title='bbox 191 3171 322 3233; x_wconf 77' lang='lat' dir='ltr'><strong>lactant·</strong></span> <span class='ocrx_word' id='word_1_208' title='bbox 339 3171 393 3246; x_wconf 87' lang='lat' dir='ltr'><strong>ait,</strong></span> <span class='ocrx_word' id='word_1_209' title='bbox 432 3185 465 3232; x_wconf 90' lang='lat' dir='ltr'><strong>ut</strong></span> <span class='ocrx_word' id='word_1_210' title='bbox 498 3167 614 3233; x_wconf 86' lang='lat' dir='ltr'><strong>librarii</strong></span> <span class='ocrx_word' id='word_1_211' title='bbox 648 3170 687 3234; x_wconf 89' lang='lat' dir='ltr'><strong>ad</strong></span> <span class='ocrx_word' id='word_1_212' title='bbox 722 3191 819 3231; x_wconf 88' lang='lat' dir='ltr'><strong>nuum</strong></span> <span class='ocrx_word' id='word_1_213' title='bbox 853 3189 958 3232; x_wconf 86' lang='lat' dir='ltr'><strong>omnes</strong></span> <span class='ocrx_word' id='word_1_214' title='bbox 995 3169 1029 3230; x_wconf 87' lang='lat' dir='ltr'><strong>in</strong></span> <span class='ocrx_word' id='word_1_215' title='bbox 1062 3165 1128 3238; x_wconf 70' lang='lat' dir='ltr'><strong>illis</strong></span> 
     </span>
     <span class='ocr_line' id='line_1_27' title="bbox 190 3263 1125 3360; baseline -0.004 -22"><span class='ocrx_word' id='word_1_216' title='bbox 190 3269 392 3360; x_wconf 83' lang='lat' dir='ltr'><strong>augmentum</strong></span> <span class='ocrx_word' id='word_1_217' title='bbox 414 3275 593 3349; x_wconf 72' lang='lat' dir='ltr'><strong>omiserint,</strong></span> <span class='ocrx_word' id='word_1_218' title='bbox 621 3263 717 3360; x_wconf 82' lang='lat' dir='ltr'><strong>quum</strong></span> <span class='ocrx_word' id='word_1_219' title='bbox 740 3269 778 3336; x_wconf 87' lang='lat' dir='ltr'><strong>in</strong></span> <span class='ocrx_word' id='word_1_220' title='bbox 804 3289 930 3360; x_wconf 84' lang='lat' dir='ltr'><strong>quatuor</strong></span> <span class='ocrx_word' id='word_1_221' title='bbox 956 3273 1022 3337; x_wconf 89' lang='lat' dir='ltr'><strong>aliis</strong></span> <span class='ocrx_word' id='word_1_222' title='bbox 1049 3273 1125 3348; x_wconf 83' lang='lat' dir='ltr'><strong>locis</strong></span> 
     </span>
     <span class='ocr_line' id='line_1_28' title="bbox 124 3375 1125 3465; baseline -0.001 -22"><span class='ocrx_word' id='word_1_223' title='bbox 124 3451 127 3458; x_wconf 16' lang='grc' dir='ltr'><strong><em>Δ</em></strong></span> <span class='ocrx_word' id='word_1_224' title='bbox 191 3381 380 3444; x_wconf 75' lang='lat' dir='ltr'><strong>addiderint:</strong></span> <span class='ocrx_word' id='word_1_225' title='bbox 414 3383 511 3464; x_wconf 84' lang='lat' dir='ltr'><strong>Sapit.</strong></span> <span class='ocrx_word' id='word_1_226' title='bbox 532 3379 612 3444; x_wconf 78' lang='lat' dir='ltr'><strong>Phil</strong></span> <span class='ocrx_word' id='word_1_227' title='bbox 635 3377 720 3454; x_wconf 81' lang='grc'><strong>544,</strong></span> <span class='ocrx_word' id='word_1_228' title='bbox 755 3381 830 3445; x_wconf 84' lang='lat' dir='ltr'><strong>Eut.</strong></span> <span class='ocrx_word' id='word_1_229' title='bbox 852 3379 951 3465; x_wconf 87' lang='lat' dir='ltr'><strong>Iphig.</strong></span> <span class='ocrx_word' id='word_1_230' title='bbox 974 3380 1049 3442; x_wconf 89' lang='lat' dir='ltr'><strong>Aul.</strong></span> <span class='ocrx_word' id='word_1_231' title='bbox 1070 3375 1125 3452; x_wconf 82' lang='grc'><strong>49,</strong></span> 
     </span>
     <span class='ocr_line' id='line_1_29' title="bbox 191 3483 1125 3572; baseline -0.003 -23"><span class='ocrx_word' id='word_1_232' title='bbox 191 3483 307 3550; x_wconf 80' lang='lat' dir='ltr'><strong>Bacch·</strong></span> <span class='ocrx_word' id='word_1_233' title='bbox 325 3485 430 3565; x_wconf 67' lang='lat'><strong>1288,</strong></span> <span class='ocrx_word' id='word_1_234' title='bbox 456 3486 633 3550; x_wconf 46' lang='lat' dir='ltr'><strong>iterentur.</strong></span> <span class='ocrx_word' id='word_1_235' title='bbox 653 3483 728 3552; x_wconf 80' lang='grc'><strong>458.</strong></span> <span class='ocrx_word' id='word_1_236' title='bbox 770 3487 808 3550; x_wconf 90' lang='lat' dir='ltr'><strong>Id</strong></span> <span class='ocrx_word' id='word_1_237' title='bbox 830 3487 910 3572; x_wconf 86' lang='lat' dir='ltr'><strong>quod</strong></span> <span class='ocrx_word' id='word_1_238' title='bbox 932 3485 1125 3546; x_wconf 84' lang='lat' dir='ltr'><strong>Hermannus</strong></span> 
     </span>
     <span class='ocr_line' id='line_1_30' title="bbox 190 3591 1124 3679; baseline -0.005 -25"><span class='ocrx_word' id='word_1_239' title='bbox 190 3591 214 3654; x_wconf 86' lang='lat' dir='ltr'><strong>l.</strong></span> <span class='ocrx_word' id='word_1_240' title='bbox 235 3592 258 3656; x_wconf 88' lang='lat' dir='ltr'><strong>l.</strong></span> <span class='ocrx_word' id='word_1_241' title='bbox 280 3615 313 3676; x_wconf 82' lang='lat' dir='ltr'><strong>p·</strong></span> <span class='ocrx_word' id='word_1_242' title='bbox 333 3591 378 3657; x_wconf 81' lang='lat'><strong>54</strong></span> <span class='ocrx_word' id='word_1_243' title='bbox 397 3615 437 3656; x_wconf 84' lang='lat' dir='ltr'><strong>ex</strong></span> <span class='ocrx_word' id='word_1_244' title='bbox 458 3615 496 3657; x_wconf 88' lang='lat' dir='ltr'><strong>ea</strong></span> <span class='ocrx_word' id='word_1_245' title='bbox 514 3591 621 3679; x_wconf 82' lang='lat' dir='ltr'><strong>uegula</strong></span> <span class='ocrx_word' id='word_1_246' title='bbox 641 3593 837 3676; x_wconf 87' lang='lat' dir='ltr'><strong>perspicuum</strong></span> <span class='ocrx_word' id='word_1_247' title='bbox 859 3592 951 3665; x_wconf 83' lang='lat' dir='ltr'><strong>fecit,</strong></span> <span class='ocrx_word' id='word_1_248' title='bbox 979 3611 1037 3674; x_wconf 90' lang='lat' dir='ltr'><strong>qua</strong></span> <span class='ocrx_word' id='word_1_249' title='bbox 1055 3609 1124 3651; x_wconf 78' lang='lat' dir='ltr'><strong>ven·</strong></span> 
     </span>
     <span class='ocr_line' id='line_1_31' title="bbox 190 3687 1146 3785; baseline -0.004 -25"><span class='ocrx_word' id='word_1_250' title='bbox 190 3695 268 3762; x_wconf 87' lang='lat' dir='ltr'><strong>buna</strong></span> <span class='ocrx_word' id='word_1_251' title='bbox 291 3699 414 3774; x_wconf 82' lang='lat' dir='ltr'><strong>ionius,</strong></span> <span class='ocrx_word' id='word_1_252' title='bbox 446 3700 479 3762; x_wconf 91' lang='lat' dir='ltr'><strong>in</strong></span> <span class='ocrx_word' id='word_1_253' title='bbox 506 3713 567 3785; x_wconf 82' lang='lat' dir='ltr'><strong>quo</strong></span> <span class='ocrx_word' id='word_1_254' title='bbox 593 3700 748 3784; x_wconf 77' lang='lat' dir='ltr'><strong>augmenti</strong></span> <span class='ocrx_word' id='word_1_255' title='bbox 776 3699 909 3766; x_wconf 84' lang='lat' dir='ltr'><strong>accessio</strong></span> <span class='ocrx_word' id='word_1_256' title='bbox 932 3687 1146 3777; x_wconf 75' lang='lat' dir='ltr'><strong>anapaestum</strong></span> 
     </span>
     <span class='ocr_line' id='line_1_32' title="bbox 190 3801 1125 3894; baseline -0.006 -28"><span class='ocrx_word' id='word_1_257' title='bbox 190 3803 299 3878; x_wconf 83' lang='lat' dir='ltr'><strong>efficit,</strong></span> <span class='ocrx_word' id='word_1_258' title='bbox 320 3805 354 3867; x_wconf 93' lang='lat' dir='ltr'><strong>in</strong></span> <span class='ocrx_word' id='word_1_259' title='bbox 374 3805 527 3889; x_wconf 81' lang='lat' dir='ltr'><strong>principio</strong></span> <span class='ocrx_word' id='word_1_260' title='bbox 544 3823 651 3892; x_wconf 77' lang='lat' dir='ltr'><strong>versus</strong></span> <span class='ocrx_word' id='word_1_261' title='bbox 667 3805 816 3894; x_wconf 85' lang='lat' dir='ltr'><strong>positum,</strong></span> <span class='ocrx_word' id='word_1_262' title='bbox 837 3801 908 3868; x_wconf 89' lang='lat' dir='ltr'><strong>addi</strong></span> <span class='ocrx_word' id='word_1_263' title='bbox 925 3814 1125 3886; x_wconf 85' lang='lat' dir='ltr'><strong>augmentum</strong></span> 
     </span>
    </p>

    <p class='ocr_par' dir='ltr' id='par_1_14' title="bbox 164 3907 1217 3998">
     <span class='ocr_line' id='line_1_33' title="bbox 164 3907 1217 3998; baseline -0.014 -16"><span class='ocrx_word' id='word_1_264' title='bbox 164 3910 335 3992; x_wconf 64' lang='lat' dir='ltr'><strong>,postnlec</strong></span> <span class='ocrx_word' id='word_1_265' title='bbox 367 3908 464 3997; x_wconf 81' lang='lat' dir='ltr'><strong>Quod</strong></span> <span class='ocrx_word' id='word_1_266' title='bbox 482 3909 681 3998; x_wconf 79' lang='lat' dir='ltr'><strong>praecaptum</strong></span> <span class='ocrx_word' id='word_1_267' title='bbox 700 3910 829 3976; x_wconf 83' lang='lat' dir='ltr'><strong>omnino</strong></span> <span class='ocrx_word' id='word_1_268' title='bbox 844 3907 979 3974; x_wconf 73' lang='lat' dir='ltr'><strong>aeduin</strong></span> <span class='ocrx_word' id='word_1_269' title='bbox 999 3919 1125 3994; x_wconf 78' lang='lat' dir='ltr'><strong>quatuor</strong></span> <span class='ocrx_word' id='word_1_270' title='bbox 1210 3981 1217 3994; x_wconf 35' lang='grc' dir='ltr'><strong><em>Ι</em></strong></span> 
     </span>
    </p>
   </div>
   <div class='ocr_carea' id='block_1_14' title="bbox 511 4144 708 4192">
    <p class='ocr_par' dir='ltr' id='par_1_15' title="bbox 511 4144 708 4192">
     <span class='ocr_line' id='line_1_34' title="bbox 511 4144 708 4192; baseline 0 -16"><span class='ocrx_word' id='word_1_271' title='bbox 511 4173 516 4176; x_wconf 95' lang='grc'>.</span> <span class='ocrx_word' id='word_1_272' title='bbox 595 4153 603 4192; x_wconf 61' lang='lat' dir='ltr'><strong>p</strong></span> <span class='ocrx_word' id='word_1_273' title='bbox 705 4144 708 4151; x_wconf 93' lang='lat'>&#39;</span> 
     </span>
    </p>
   </div>
   <div class='ocr_carea' id='block_1_15' title="bbox 0 0 1368 4652">
    <p class='ocr_par' dir='ltr' id='par_1_16' title="bbox 0 0 1368 4652">
     <span class='ocr_line' id='line_1_35' title="bbox 0 0 1368 4652; baseline 0 0"><span class='ocrx_word' id='word_1_274' title='bbox 0 0 1368 4652; x_wconf 95' lang='lat' dir='ltr'><strong> </strong></span> 
     </span>
    </p>
   </div>
  </div>
 </body>
</html>
