2726 4652
560 395 610 466 -2
659 411 833 526 tot-7

239 616 330 680 rimas
355 615 460 700 leges,
495 633 606 699 easque
635 611 847 689 difficillimas,
879 614 913 679 iu
944 617 1164 700 componendis

238 720 421 786 carminibus
447 716 504 787 sibi
526 697 742 803 praeieriptas.
773 717 826 784 vel
845 718 1164 788 accuratissime'ubi·
1193 785 1197 792 ,

237 849 299 911 que
318 815 560 900 observirerint,
591 845 694 909 neque
713 826 880 890 verisimile
901 828 959 907 sit,
980 847 1033 893 eos
1050 845 1164 894 metro·

237 955 307 995 rum
325 931 458 997 vinculis
478 945 538 994 tam
560 927 722 997 obstrictos
735 933 839 1006 fuisse,
857 947 890 996 ut
909 933 948 998 nd
968 933 1083 1002 alienas
1102 938 1164 998 for·

235 1033 320 1114 mas,
358 1035 490 1104 sermoni
525 1037 736 1126 intrudendas,
775 1038 943 1124 confugere
979 1037 1163 1105 debuissent.

235 1126 435 1207 admiramur
466 1142 564 1228 potius
599 1143 729 1231 tragicos
756 1159 879 1229 propter
909 1146 1067 1230 egregiam
1094 1166 1164 1209 ver-

234 1271 325 1314 suum
351 1247 579 1313 condendorum
607 1248 800 1326 facilitatem,
826 1272 884 1335 qua
911 1248 1025 1336 ubique
1055 1267 1085 1313 et
1104 1251 1164 1314 liu·

184 1381 190 1390 ·
234 1378 327 1440 guam
351 1369 383 1420 et
405 1371 502 1420 metra
529 1355 563 1417 in
588 1351 732 1438 potestate
753 1377 806 1418 sua
835 1355 974 1418 habuisse
993 1357 1162 1430 videantur.

234 1463 346 1545 Neque
380 1464 516 1546 profecto
539 1461 580 1526 ito
607 1459 734 1524 difficile
763 1462 889 1539 fuissm,
920 1461 1039 1540 formas·
1059 1465 1163 1530 atticas

234 1565 349 1652 ubique
369 1581 465 1632 metro
485 1581 598 1656 aptare.
641 1565 714 1628 Iure
742 1566 833 1628 etiarn
854 1568 1032 1652 interrogari
1054 1583 1162 1648 potest,

233 1694 325 1758 quam
346 1671 385 1735 ob
405 1692 541 1736 caussam
561 1671 599 1736 ab
622 1693 682 1734 uno
696 1671 810 1756 tragico
824 1685 912 1756 poeta
933 1673 1051 1736 formae
1070 1695 1163 1759 quae·

233 1777 304 1840 darn
326 1777 444 1842 ionicae
469 1773 612 1860 probatae
636 1778 709 1848 sint,
737 1797 811 1860 quas
837 1777 931 1842 ceteri
961 1776 1014 1842 vel
1040 1785 1161 1861 prorsus

154 1877 157 1883 ’
232 1881 406 1962 reiecerint,
426 1881 480 1948 vel
499 1882 651 1970 ratissima
671 1877 730 1946 sibi
749 1880 938 1946 indulserint.
970 1883 1023 1946 Sic
1045 1883 1162 1966 Sopho-

231 1987 299 2052 cles
325 1987 406 2053 haud
425 2007 513 2063 raro,
542 1987 576 2052 in
599 1988 740 2052 trimetris
767 1987 874 2065 etiam,
901 1988 1000 2052 forma
1023 1985 1161 2070 μοῦνος

231 2112 303 2158 usus
326 2107 390 2171 est,
420 2115 510 2178 qnam
529 2094 739 2178 repudiavisse
760 2093 903 2158 videntur
922 2092 1097 2186 Aeschylus
1118 2111 1162 2158 at·

132 2237 133 2240 =
188 2223 192 2229 ·
232 2220 293 2282 que
301 2197 476 2284 Euripides,
497 2200 633 2283 exceptis
653 2185 801 2264 videlicet
820 2197 941 2264 melicis
962 2199 1159 2278 carminibus·

229 2305 314 2368 Num
335 2320 494 2390 propterea
508 2305 725 2379 existimemus,
743 2303 932 2396 Sophoclem
951 2306 1070 2370 minore
1089 2327 1161 2372 tter·

220 2417 320 2474 'suum
347 2409 578 2496 pangendorum
603 2410 744 2474 lacultate
777 2409 949 2496 praeditum
978 2413 1093 2489 fuisse,
1125 2427 1160 2476 ut

115 2531 121 2546 ⁸
230 2515 346 2578 evitare
370 2515 503 2581 nesciret
530 2515 645 2578 ionicae
665 2517 795 2593 formas,
820 2539 860 2581 an
880 2531 980 2582 tantae
998 2519 1160 2605 negligen·
1185 2515 1188 2534 '

230 2619 290 2683 tiae
311 2639 384 2682 eum
401 2607 589 2698 incusemus
606 2636 641 2683 ut
662 2642 718 2704 pro
738 2623 828 2686 metri
849 2624 964 2688 ratione
984 2625 1159 2689 alterutram
1190 2699 1194 2704 ⁵

228 2724 359 2788 formam
390 2725 458 2795 sine
492 2724 559 2788 ullo
594 2723 718 2788 delectu
749 2724 926 2793 admiserit?
966 2743 1028 2793 tam
1061 2713 1158 2794 unum

228 2850 322 2914 quarn
352 2828 481 2898 alterum
502 2830 621 2895 crimen
652 2846 741 2916 poeta
775 2836 913 2899 omnium
944 2836 1158 2900 venustissimo
1185 2853 1192 2861 ⁴

227 2936 390 3022 indignum
408 2956 478 2999 csse
497 2937 701 3022 uniusquisque
719 2939 870 3004 fatebitur.
902 2939 966 3004 Sed
987 2961 1070 3006 nunc
1090 2942 1157 3026 qui·

228 3043 329 3117 dem„
346 3063 388 3112 ne
408 3041 574 3127 disquisitio
594 3043 686 3107 nimis
706 3046 901 3124 extendatur,
928 3047 1157 3111 consideremus

227 3147 434 3210 tantummodo
462 3147 604 3234 exempla
635 3148 750 3233 aliquot
783 3151 954 3235 Sophoclea
989 3153 1156 3216 formarum
1241 3224 1244 3230 ,

226 3248 364 3333 μοῦνος
384 3265 415 3314 et
435 3248 564 3329 ξεῖνος,Ι
581 3255 614 3317 in
630 3255 779 3320 trimetros
794 3255 940 3324 iambicos
950 3275 1155 3343 receptarum,

226 3369 318 3440 atque
342 3354 490 3424 vocabula
516 3363 594 3426 haec
627 3361 747 3424 ionicae
781 3361 891 3426 indolis
923 3365 1045 3432 nonnisi
1079 3349 1155 3440 tum,

170 3527 179 3536 ,
226 3484 322 3548 quum
342 3459 445 3546 aliquo
469 3485 543 3528 cum
569 3465 664 3530 animi
683 3467 795 3531 affectu
818 3483 908 3554 atque
929 3471 1066 3557 emphasi
1086 3491 1156 3554 pro·

225 3566 398 3632 nuncianda
426 3583 544 3648 essent,
574 3586 715 3657 usurpata
740 3574 836 3638 fuisse
863 3574 956 3640 facile
986 3573 1156 3662 apparebit.

225 3669 266 3735 V.
288 3673 382 3757 Soph.
404 3669 458 3740 At.
479 3672 565 3743 1276
595 3708 636 3723 ···
679 3667 752 3760 ἤδη
773 3669 817 3740 τὸ
837 3676 962 3761 μηδὲν
979 3671 1096 3756 ὄντας,
1115 3675 1156 3742 ἐν

224 3777 342 3861 τροπῇ
364 3770 471 3861 δορὸς
484 3769 654 3863 london?
668 3771 796 3848 staua
801 3783 937 3866 μοῦνος
949 3815 988 3832 ···
1004 3801 1015 3856 3
1038 3787 1157 3860 Eleon.

224 3879 289 3946 531
317 3873 388 3967 τήν
416 3878 494 3972 σήν
510 3879 669 3973 ὅμαιμον
691 3887 829 3975 μοῦνος
855 3881 1049 3976 Ἑλλήνων
1068 3871 1157 3974 ialin
