2726 4652
505 473 758 552 ..129-

169 667 254 732 Pers.
277 664 359 746 451,
385 664 501 751 Reisig.
534 663 711 743 Coniectan.
736 690 767 752 p.
788 665 870 746 317,
911 667 1024 736 Buttm.
1045 692 1092 757 gr.

169 797 217 860 gr.
238 772 331 857 ampl.
352 771 404 848 11,
424 793 453 855 p.
473 769 548 836 292.
589 772 650 837 Pro
669 775 759 840 attico
778 769 961 855 ἐχθαίρειν
981 779 1095 862 passim

169 880 250 963 apud
263 880 392 964 tragicos
406 876 518 963 legitur
537 880 632 943 rarior
650 882 748 945 forma
765 875 983 962 depalrazr,
1003 904 1096 965 quam

169 999 254 1048 recte
283 985 419 1048 defendit
448 985 654 1051 Schneiderus
684 1009 715 1071 p.
737 985 780 1052 14
802 1002 907 1050 contra
928 986 1095 1051 Porsoneru

169 1091 209 1154 ud
236 1091 311 1153 Eur.
338 1088 440 1154 Orest.
468 1087 550 1166 292,
591 1093 644 1176 qui
675 1114 744 1155 eam
774 1107 808 1154 ut
832 1093 913 1156 mule
939 1109 1095 1157 sonantem

132 1272 137 1280 Ι
170 1195 335 1278 expulerat.
377 1192 429 1258 De
454 1193 609 1276 ἰοχαὶνοο
635 1211 667 1260 et
691 1194 868 1280 ἰσχναὶνω
900 1221 931 1264 v.
959 1197 1095 1278 Porson.,

171 1302 327 1364 Schaeler.
354 1317 385 1364 et
404 1299 516 1365 Matth.
538 1305 576 1366 ad
598 1305 673 1368 Eur.
695 1301 795 1370 Orest.
816 1301 890 1372 232
925 1292 985 1364 ¹De
1007 1302 1097 1392 ξον.

171 1408 315 1489 ηρετεῖν
350 1423 381 1470 et
407 1405 665 1492 ξυνερετμεῐν,
698 1410 738 1474 de
775 1408 924 1490 οἴχομαι
949 1423 980 1472 et
1005 1412 1096 1497 epico

171 1512 308 1594 οἰχνεῖν
345 1513 385 1578 cf.
411 1513 591 1578 Schneider.
618 1516 640 1579 l.
659 1515 698 1592 l.‚
727 1531 760 1580 et
784 1513 898 1581 Btomt.
929 1515 968 1578 ad
995 1514 1096 1578 Prom.

171 1617 251 1693 122,
272 1617 448 1704 ibidemque
474 1620 586 1686 Elmsl.
629 1617 765 1686 Omnino
786 1623 912 1709 quidem
932 1643 1099 1710 permagna

172 1726 205 1788 iu
232 1726 415 1810 tragicorum
443 1725 554 1790 fabulis
581 1729 669 1810 copia
691 1727 909 1792 vocabulorum
929 1727 1099 1809 epicorum,

171 1817 303 1916 ideoque
323 1833 479 1894 duriorum
499 1833 661 1915 reperitur,
681 1855 770 1918 quae,
792 1833 828 1896 ad
838 1832 991 1918 quendam
1012 1855 1100 1895 seve·

172 1959 225 2002 rae
253 1952 343 2020 atque
370 1937 511 1999 horridae
540 1937 719 2020 antiquitatis
742 1937 878 2000 colorem
900 1937 1011 2001 fabulis
1037 1939 1100 2001 suis

175 2042 417 2114 conciliandum,
446 2053 553 2124 poetae
581 2043 687 2128 tragici
715 2065 754 2106 ex
783 2042 933 2106 industria
947 2043 1100 2106 interdum

173 2148 360 2212 affectarisse
381 2147 533 2210 ridentur.

260 2251 421 2316 Subiicere
446 2250 552 2315 licebit
579 2271 693 2336 pauca,
721 2268 887 2336 praeeunte
912 2251 1102 2316 Schneidero

174 2341 205 2443 p.
226 2356 284 2432 15,
315 2358 355 2419 de
377 2356 559 2422 substantivo
577 2347 745 2438 πλεύμων
767 2373 798 2422 et
815 2347 1007 2438 πνεύμων,
1029 2345 1124 2440 (μιοὲ

175 2489 243 2529 rum
275 2468 334 2526 hoc
359 2464 510 2547 antiquius
544 2477 575 2527 et
601 2465 745 2548 vulgare,
772 2462 849 2525 illud
879 2486 954 2529 vero
979 2463 1103 2524 atticum
1169 2513 1172 2518 .

175 2570 349 2634 habendum
369 2583 433 2646 θεὶς
471 2590 503 2633 v.
525 2565 639 2633 Bloml.
664 2569 702 2633 ad
719 2563 834 2632 Aesch.
857 2570 942 2654 Sept.
963 2566 1023 2644 61,
1050 2565 1103 2629 ubi

176 2675 370 2740 Wellauerus
397 2676 465 2765 iure
490 2675 661 2758 repudiavit
680 2664 916 2757 πλευμόνων,
946 2676 1105 2738 invectum
1217 2679 1220 2688 ‘

176 2804 192 2846 a
221 2779 377 2845 Bruuclrio
409 2797 511 2845 contra
538 2781 687 2845 librorum
715 2784 930 2845 auctoritatem.
980 2778 1104 2859 Etenim

177 2885 248 2948 libri
271 2889 403 2972 optimae
420 2901 508 2950 notae
528 2886 678 2972 aliquanto
699 2889 817 2972 saepius
838 2884 980 2948 exhibent
999 2869 1104 2945 πνεύ-

177 3012 279 3073 μων,
313 2993 411 3076 οιιοά,
453 3006 487 3053 ut
512 2993 637 3055 veteris‘
652 2993 791 3055 atticismi
816 2991 992 3078 proprium,
1023 2986 1114 3069 upud'

178 3101 306 3184 tragicos
342 3113 425 3161 certe
458 3098 692 3182 praeferendum
720 3097 851 3161 videtur.
900 3093 939 3156 V.
968 3088 1104 3156 Biunok.

178 3220 209 3268 et
234 3204 341 3266 Herm.
363 3205 400 3266 ad
422 3204 516 3286 Soph.
535 3193 651 3265 Trach'
664 3201 746 3276 564,
773 3197 909 3264 Lobeck.
930 3198 969 3262 ad
989 3197 1106 3288 Phryn.

178 3333 209 3392 p.
233 3307 314 3385 305,
345 3309 500 3372 Scheeler.
527 3309 565 3374 ad
593 3299 723 3392 Gregor.
751 3306 821 3370 Cor.
843 3329 875 3390 p.
898 3303 972 3380 147,
992 3301 1103 3366 Buttm.

77 3447 79 3454 ν
178 3415 264 3478 Add.
292 3415 330 3477 ad
351 3437 396 3500 gr.
416 3437 461 3500 gr.
480 3436 510 3498 p.
532 3412 613 3488 385,
642 3412 753 3477 Bloml.
775 3415 812 3477 ed
833 3412 949 3477 Aesch.
969 3407 1106 3492 Choeph.

176 3519 261 3595 629,
302 3518 398 3582 Dind.
422 3520 460 3582 ed
480 3520 574 3584 Arist.
595 3517 675 3582 Fran.
696 3517 778 3594 475,
807 3517 890 3592 837,
928 3514 1105 3578 Stallbuum.

176 3628 217 3691 ud
241 3627 316 3690 Plat.
338 3623 457 3689 Phileb.
479 3647 510 3710 p.
533 3625 586 3700 50,
606 3622 744 3689 Fischer.
762 3625 798 3686 ad
821 3622 912 3685 Well.
936 3621 961 3691 1,
985 3643 1015 3702 p.
1031 3617 1105 3691 182,

176 3732 312 3820 Ephem.
332 3732 389 3796 litt.
411 3731 476 3794 Ieu.
498 3730 597 3820 1826,Ι
614 3732 672 3794 Νο.
693 3728 769 3805 173,
790 3753 819 3812 ρ.
830 3723 905 3803 419,
933 3726 1105 3786 Herusterh.

103 3873 108 3878 ·
176 3839 219 3902 ad
241 3837 367 3901 Lucian.
394 3835 428 3911 Ῑ,
459 3859 488 3920 p.
511 3837 586 3901 301.
628 3874 669 3887 --
713 3835 845 3899 Iouismo
867 3831 1024 3914 veterique
1044 3830 1107 3891 atti·

175 3947 276 4010 cismo
297 3931 483 4009 conveniunt
503 3945 619 4008 formae
638 3929 820 4012 θάλασσα,
841 3926 1005 4017 πράσσω,
1027 3935 1109 4042 οἱιιι.ζ

753 4043 1017 4134 ,οἰ-
