2720 4650
236 669 313 714 mus.
371 648 399 724 I)
421 655 424 668 '
443 647 556 712 Aesch.
583 631 674 732 Sept.
704 631 975 726 455v11tnnozn’
1003 633 1054 708 ἄν
1089 634 1164 728 ἤδη

236 746 355 830 τόνδε,
384 744 453 816 οὖν
477 743 570 836 τύχῃ
591 751 631 820 δέ
651 746 723 838 rna·
755 749 825 814 Καὶ
845 743 890 832 δὴ
914 743 1093 834 πέπεμππ’·
1116 744 1162 814 οὐ

237 852 381 940 κόμπον
401 855 439 922 ἓν
459 863 583 939 χεροῖν
605 855 706 940 ἔχων.
750 857 853 940 Quam
872 859 1047 933 lectionem,
1069 858 1165 940 aplu-

236 966 320 1029 ribns
348 966 433 1032 libris
457 965 637 1039 exhibitam,
669 979 761 1027 recte·
785 977 967 1055 receperunt
992 959 1179 1026 Brunckins·

101 1075 105 1084 “
237 1087 268 1132 et
296 1074 489 1136 recentiores.
539 1071 685 1132 Erfurdtii
713 1058 970 1142 emendationem,
1004 1070 1042 1130 ad
1070 1069 1165 1151 Soph.

237 1178 291 1270 Ai·
321 1200 352 1241 v.
375 1177 439 1240 190
466 1178 668 1263 propositam,
701 1178 738 1241 od
765 1195 887 1242 sensum
916 1176 1049 1258 ineptam
1076 1190 1165 1258 etque

137 1309 139 1316 ¹
238 1269 377 1348 inutilem
398 1285 509 1345 indicat
532 1282 734 1354 Wellauerns,
756 1295 788 1354 et
807 1296 891 1343 recte
911 1281 1046 1364 quidem.
1084 1276 1168 1340 Con·

237 1390 314 1452 iecit·
337 1393 419 1453 enim
444 1391 510 1452 Erf.
531 1383 595 1449 nui
617 1377 663 1468 δή
690 1385 904 1468 πέπεμπται,
931 1375 1075 1467 κόμπον
1097 1419 1165 1460 ›-‚

238 1497 320 1578 quod
357 1495 495 1580 probavit
522 1493 697 1556 Blomfietd.
712 1515 715 1522 ·
732 1493 765 1554 iu
801 1491 886 1556 Add.
919 1493 969 1556 ed.
1005 1493 1050 1556 II.
1080 1494 1167 1555 :Iuro

239 1591 434 1663 Wellar'rerus
460 1615 604 1683 sequutus
632 1614 677 1663 est
695 1595 887 1662 L'obeckium
907 1599 944 1660 ad
964 1597 1018 1660 At.
1039 1619 1071 1682 p.
1090 1596 1167 1674 248,

239 1707 292 1788 qui
313 1720 344 1767 et
365 1708 431 1789 ipse
451 1707 484 1766 in
503 1705 625 1788 vbigata
644 1704 827 1788 acquiescit,
847 1725 950 1788 neque
970 1704 1075 1766 tertiae
1097 1718 1170 1787 per-f

239 1831 330 1872 sorrae
351 1810 479 1874 elisione
502 1809 672 1872 offenditur.
711 1808 882 1876 ¹Praeterea
908 1813 939 1871 h.
964 1809 985 1872 i.
1008 1810 1055 1874 vis
1074 1828 1169 1894 quae·

239 1916 310 1978 dant
345 1918 423 1978 inest
454 1918 487 1977 in
521 1929 658 1997 tempore
698 1915 853 1996 perfecto,
892 1918 973 1999 quod
1004 1918 1168 2004 opponitur

238 2023 460 2105 quodammodo
483 2022 633 2104 praesenti
647 2019 837 2084 antecedenti
861 2015 1029 2102 πέμποιμ’
1051 2011 1112 2100 ἂν,
1134 2023 1168 2086 id

238 2125 322 2212 qnod
357 2127 515 2189 Schntzius
541 2127 687 2189 vertendo
716 2141 785 2210 apte
816 2129 976 2209 expressit:
1019 2125 1168 2212 „Quidni
1206 2141 1209 2148 “

238 2234 371 2307 mittam,
397 2249 428 2295 et
448 2233 527 2295 bonu
547 2233 671 2316 quidem
694 2252 765 2296 curn
788 2235 906 2295 fortuna
926 2228 1063 2296 mittenti
1106 2236 1169 2297 Irn-

237 2361 290 2402 mo
311 2361 385 2403 vero
406 2341 466 2403 iam
488 2340 595 2402 missus
615 2346 693 2400 est.“
714 2373 757 2386 --
780 2339 829 2413 ΙΙ)
850 2339 944 2421 Soph.
961 2341 1070 2402 Tracti.
1091 2340 1167 2405 214.

236 2436 399 2523 nstpop’,
436 2436 512 2506 οὐδ’
552 2431 743 2522 ἀπώσομαι
782 2434 850 2506 τὸν
880 2435 1011 2522 abbir,
1048 2429 1078 2510 ni
1105 2435 1167 2510 πύι

141 2563 160 2616 ’,
238 2568 354 2628 parve
374 2547 438 2616 τᾶς
459 2547 546 2629 ἐμᾶς
562 2539 705 2631 φρενός.
744 2549 916 2634 Vulgatam,
939 2572 1029 2634 quam
1044 2552 1167 2617 Scholia

238 2669 415 2739 agnoscunt,
437 2656 620 2717 recentiores
642 2675 764 2728 omncs,
786 2678 861 2740 quos
880 2656 1005 2730 contuli,
1026 2677 1168 2722 servave-

143 2786 145 2790 ’
238 2777 325 2836 runt,
351 2759 549 2845 probavitque
579 2757 753 2824 Lobeckius
774 2759 796 2823 l.
818 2761 839 2821 l.
863 2760 952 2823 Solus
984 2761 1167 2840 Erfurdtins‚

239 2857 532 2952 cicipoparhquod
550 2887 589 2927 ex
609 2867 641 2928 h.
659 2867 682 2926 l.
701 2867 771 2928 citat
790 2865 972 2954 Hesychius,
993 2873 1168 2951 praeieren·

238 2973 314 3034 dam
337 2987 460 3049 censet,
496 2972 624 3034 elisione
651 2969 814 3046 videlicet,
848 2973 881 3032 in
907 2972 1014 3062 lyrico-
1031 2977 1168 3039 carmine

238 3075 334 3140 uirulto
354 3078 472 3140 facilins
488 3077 693 3162 ignoscenda,⁴
706 3093 826 3163 practer
845 3081 1056 3145 necessitatem
1073 3083 1167 3144 offen-

238 3203 298 3244 sus.
322 3179 371 3243 Cf.
387 3184 567 3244 Schneider.
580 3179 713 3266 Quaestt.
721 3184 760 3244 de
782 3200 859 3270 trag.
875 3209 921 3270 gr.
937 3186 1008 3248 dial.
1022 3209 1053 3269 p.
1067 3177 1169 3250 33.)-

239 3286 301 3362 ΙΙΙ)
345 3285 471 3350 Philoot.
495 3287 580 3378 1071
616 3318 660 3332 -
700 3279 915 3372 iambicon
939 3281 1023 3371 ἤδη,
1044 3286 1077 3352 κ’
1100 3287 1168 3358 οὐκ

238 3387 472 3470 ἐποικτερεῖτέ
492 3410 555 3472 μες
574 3389 756 3466 Erfurdtius,
769 3385 964 3468 Wakefieldii
974 3419 1082 3460 venem
1096 3420 1169 3462 con·

240 3500 387 3560 iecturam
415 3497 590 3580 amplexus,
623 3497 714 3561 scribi
734 3498 818 3562 iubet
839 3491 1083 3585 λοιφθήοομαι
1108 3495 1169 3588 δή,

240 3617 324 3666 recte
353 3618 543 3686 repugnante
568 3601 762 3677 Hermanno,
785 3609 837 3690 qni
859 3609 958 3672 minus
979 3613 1110 3674 suaviter
1130 3614 1169 3675 ad

239 3731 328 3772 aures
346 3707 496 3772 accedere
517 3708 591 3772 dicit
611 3698 859 3792 ληφθήσομαι
878 3733 950 3777 cum
969 3715 1031 3778 ictu
1048 3717 1080 3778 in
1099 3719 1169 3780 ulti-

240 3834 291 3897 ma
317 3831 386 3893 atrito>¹
410 3835 577 3879 caesuram.
627 3814 789 3900 vulgatam
818 3834 938 3882 tuentur
968 3819 1038 3886 libri
1066 3821 1167 3887 MSS.

241 3941 407 4006 omnesque
426 3921 567 3986 editores.
627 3917 751 3988 Frustra
778 3921 966 3990 Matthiueus
991 3927 1023 3990 in
1048 3949 1095 4014 gr.
1121 3951 1169 4017 gr.
