2720 4650
596 405 842 506 ...10ss-

266 632 318 712 litt.
328 629 353 702 l,
371 627 406 691 P.
414 626 455 705 11,
477 623 601 711 p.4«10.
623 626 897 696 sedunensium
919 607 994 690 fines
1011 624 1100 704 nimis
1124 634 1186 704 arta
1271 625 1278 642 “

265 734 442 832 delinitione
460 731 757 808 circumscribamus,
780 734 912 814 primum
932 734 964 793 iu
985 731 1066 792 varia
1088 728 1189 790 elisio·

145 913 148 926 Ι
267 861 341 901 uum
363 859 476 923 genera
497 837 650 922 inquirere
670 834 841 920 praestabit.
862 865 891 880 ·-
924 834 1110 908 Elieionem,
1132 828 1186 896 ἔκ-

266 943 406 1021 θλιψιν,
449 963 540 1030 quam
566 941 771 1006 Schneiderus
798 927 928 1028 appellat
952 939 1189 1024 postoli-sionem,

266 1047 420 1112 definitam
446 1048 585 1113 iuvenies
613 1049 646 1114 in
672 1047 826 1131 Excerptt.
849 1069 868 1109 e
896 1043 973 1110 Cod.
994 1044 1089 1108 Paris.
1108 1043 1190 1126 apud

267 1147 399 1240 Gregor.
421 1149 493 1218 Cor.
527 1176 558 1238 p.
576 1151 643 1246 ‚678
674 1154 724 1216 ed.
752 1153 895 1237 Schaei.;
939 1147 1091 1215 Choerob.
1109 1145 1191 1234 apud

267 1254 435 1346 Goettling.
456 1260 495 1324 ad
515 1261 632 1325 Theod.
654 1283 685 1345 p.
706 1257 786 1334 222;
806 1256 918 1322 Matth.
942 1278 987 1341 gr.
1009 1277 1056 1341 gr.
1069 1253 1096 1328 1,
1118 1275 1188 1338 pag.

267 1366 346 1436 1053
389 1364 502 1430 Buttm.
530 1364 563 1443 1,
605 1387 637 1450 p.
666 1363 731 1430 113
762 1379 823 1428 not.
853 1399 896 1418 υ·-
936 1359 1040 1424 Draco
1061 1360 1190 1422 Straton.

266 1496 297 1555 p.
318 1470 391 1536 157.
414 1493 458 1556 sq.

352 1575 447 1639 Elisio
469 1591 531 1650 est,
551 1576 576 1638 si
597 1574 700 1640 brevis
713 1577 827 1639 vocalis
840 1575 937 1638 littera
953 1589 1003 1638 aut
1018 1590 1086 1642 aute
1100 1569 1191 1634 aliam

267 1682 406 1746 vocalem
428 1696 477 1743 aut
504 1695 572 1743 ante
598 1683 818 1765 diphthongum
839 1680 978 1754 elicitur,
1000 1682 1190 1761 eiiectaequo

258 1785 369 1850 'locum
388 1786 502 1848 obtinet
522 1788 733 1869 apostrophus,
760 1786 800 1848 ita
817 1799 850 1847 ut
874 1785 934 1846 cluo
954 1782 1100 1847 vocabula
1122 1803 1190 1880 pro·
1309 1793 1312 1802 ’

267 1893 440 1954 arunciaudo
464 1892 502 1953 in*
516 1913 609 1955 unam
624 1892 854 1977 coniungantur.
878 1887 1028 1954 Omnium
1048 1893 1189 1973 frequen·

267 2000 381 2061 tissima
401 2013 446 2060 est
471 1996 557 2059 elisio
575 1995 717 2060 brevium
739 1996 890 2058 vocalium
913 2015 950 2072 α,
973 2015 1002 2071 ε,
1026 2017 1057 2072 o,
1081 2009 1110 2056 et
1125 1992 1190 2057 ubi·

268 2126 328 2186 que
350 2100 449 2166 obvia.
482 2101 515 2164 A
536 2123 699 2188 uunquam
713 2100 835 2164 eliditur
855 2103 887 2164 in
912 2086 986 2164 cira
1006 2103 1026 2163 i.
1049 2124 1078 2164 e.
1101 2086 1189 2162 ἄνᾶ-

266 2208 386 2288 amm,
408 2208 502 2292 vulgo
522 2209 655 2272 occurrit
674 2206 851 2271 exclamatio
872 2198 954 2272 ἀλλ’
977 2198 1065 2282 ἅνας
1090 2227 1192 2291 neque

266 2313 364 2378 solum
392 2313 471 2396 apud
499 2313 685 2389 Homerum,
727 2335 836 2378 verum
867 2316 963 2378 etiam*
979 2316 1089 2398 passim
1111 2311 1190 2396 apud

265 2419 394 2502 tragicos
420 2431 536 2499 poetas;
579 2441 610 2480 v.
644 2417 741 2502 Soph.
760 2417 813 2481 Αἱ.
843 2416 907 2483 194
924 2417 976 2480 ubi
998 2420 1038 2480 ci.
1060 2417 1191 2492 Herm.;

265 2523 344 2584 atlde
372 2520 501 2596 Seidler.
523 2522 560 2584 ad
588 2523 664 2588 Eur.
690 2525 801 2587 Trosd.
830 2521 882 2588 98.
926 2524 1035 2605 Neque
1057 2543 1190 2606 unquam

267 2645 283 2687 r
305 2630 336 2688 in
358 2628 452 2689 tertiis
473 2626 632 2709 singularis
652 2628 772 2690 numeri
792 2629 931 2714 personis
954 2642 1021 2690 ante
1043 2615 1093 2689 air
1115 2625 1190 2688 elidi

267 2747 372 2794 censet
394 2730 559 2795 Elmsleius
584 2734 622 2796 ad
644 2732 722 2798 Eur.
743 2729 836 2796 Meu.
856 2755 887 2816 p.
909 2732 995 2805 150,
1022 2748 1083 2796 not.
1103 2735 1191 2798 cuius

142 2859 147 2864 ·
266 2837 406 2921 elempla
432 2859 450 2899 e
477 2839 598 2924 tragicis
624 2837 712 2902 allata
739 2839 844 2930 paullo
870 2839 1037 2902 accuratius
1060 2859 1190 2922 perpen-

264 2945 340 3006 dere
366 2945 444 3006 haud
473 2945 607 3006 alienum
635 2945 701 3008 erit.
750 2946 782 3021 1)
809 2930 925 3010 Aesch.
961 2939 1099 3026 Choeph.
1125 2939 1190 3008 841

264 3047 359 3113 Well.
387 3039 486 3112 οὔτοι
526 3047 646 3134 φρένα
687 3045 854 3124 ittonae
898 3041 1188 3133 ὠμματωμένην.

128 3237 130 3244 Ι
266 3150 369 3236 Quam
411 3156 576 3219 lectionem
610 3156 762 3244 vulgatam
796 3157 920 3220 mutavit
956 3157 1125 3240 Stephanus
1155 3157 1189 3218 iu

263 3257 434 3337 κλέψειεν,
458 3261 646 3326 Heathiusin
661 3258 791 3334 »Μετ’
804 3250 873 3338 ἂν,
901 3285 993 3346 quem
1015 3282 1120 3323 omnes
1141 3281 1188 3322 rs-

219 3379 222 3386 ·
265 3363 417 3432 coctiores
439 3368 556 3450 sequuti
577 3381 656 3430 aunt.
685 3365 770 3440 Atii,
792 3366 908 3456 syllaba
930 3365 1033 3429 ultima
1057 3359 1188 3428 vocabu·

264 3470 287 3530 li
308 3467 428 3551 φρένα
442 3487 517 3561 aute
537 3471 584 3536 ut
607 3471 752 3555 producta
773 3471 902 3548 offensi,
938 3470 1025 3534 aliter
1045 3469 1188 3533 emenda·

263 3590 389 3650 remma
418 3572 571 3641 Monlrius
597 3578 635 3641 ad
662 3577 738 3642 Eur.
759 3576 853 3662 Hipp.
872 3573 938 3642 482
959 3562 1059 3640 οὔτοι
1078 3568 1186 3658 φρέν’

263 3671 311 3744 air
333 3679 463 3758 κλέψεθ
485 3669 551 3759 cir,
572 3679 745 3747 Erfurdtius
770 3684 808 3748 sd
831 3683 923 3767 Soph.
946 3679 999 3745 At.
1022 3675 1107 3744 1109
1127 3667 1187 3744 οὔ·

262 3805 318 3849 τοι
347 3807 381 3848 τι
407 3784 527 3872 φρένα
550 3781 678 3860 alsus?
707 3775 764 3849 ἄν.
806 3785 971 3852 Elmrleius
998 3787 1065 3870 ipse
1086 3773 1187 3849 οὗτοι

262 3885 370 3976 φρέν’
399 3881 449 3956 alr
475 3889 650 3969 κλέψειεν,
691 3894 774 3976 quod
806 3891 950 3978 equidem
979 3887 1185 3976 praetulerim,
