2720 4650
221 421 256 467 lv

223 637 285 705 per
307 613 465 682 virtutem
487 607 580 682 suam
604 613 640 681 in
667 600 814 682 Palladia
837 613 921 683 aede
945 613 1139 684 Musarum-

224 789 290 862 que
313 767 462 835 ‘sacrario
494 763 685 838 nominibus
716 767 896 858 splendent
921 769 1141 860 sempiternis.
1224 782 1225 788 ’
1334 841 1335 866 ¹

225 918 459 1012 Gottingensis
508 899 645 1010 cuidem
686 893 920 989 Universitatis
963 919 1141 988 litterariae
1178 935 1184 944 ·

168 1075 171 1078 ’
226 1036 417 1162 exemplum
439 1073 546 1142 nobili
570 1073 790 1142 aemulatione
807 1072 938 1142 secutae
961 1054 1037 1140 sunt
1058 1072 1142 1140 aliae

110 1216 112 1224 ¹
226 1197 428 1336 Gerinaniae
455 1225 550 1293 sedes
573 1227 775 1313 litterarum,
804 1235 841 1302 ut
857 1225 1143 1317 Heidelbergen·

227 1376 290 1466 sis,
329 1376 502 1468 Halensis,
531 1377 699 1468 lenensiS,
722 1379 911 1486 'Kiliensis,
942 1339 1171 1450 Berolinen·³³'

227 1530 289 1616 sis,
322 1528 606 1616 Vratislaviensis,
636 1532 844 1618 Hennensis,
881 1533 975 1601 aliae.
1023 1530 1145 1599 Nostra
1176 1560 1178 1571 ι

226 1681 569 1778 mrtemEmbachina,
593 1690 630 1751 ut
653 1684 871 1774 paucissimae
896 1684 932 1750 in
954 1683 1166 1770 Gennania'
1237 1777 1251 1792 ‚
1322 1695 1327 1705 “

228 1835 339 1902 statim
362 1857 383 1902 a
401 1835 519 1925 prima
551 1859 611 1904 sua
635 1836 848 1923 fundatione,
865 1871 869 1875 ’
886 1805 1095 1908 Annuauum
1119 1836 1175 1928 l„v

227 1987 408 2056 immortali
449 1989 630 2077 beneficio,
686 1991 913 2080 praemiorum
943 1990 1149 2060 certantibus

227 2142 417 2210 oblatorum
441 2142 691 2240 opportunitate
716 2144 829 2236 gavisa
855 2151 921 2231 est,
966 2087 1148 2244 eorumque

227 2296 349 2383 optimi
372 2281 587 2388 Imperatoris
616 2297 673 2366 die
705 2275 807 2374 natali
832 2293 1151 2366 distribuendorum.

228 2411 295 2514 Cui
308 2446 377 2514 diei
395 2448 597 2517 faustissimo
613 2451 787 2518 fortissimi
801 2450 923 2534 fratris,
946 2447 1098 2516 Nroormr
1111 2447 1149 2534 I,

227 2599 441 2692 Imperatoris
466 2622 505 2668 ac
528 2601 666 2672 Domini
696 2601 802 2670 nostri
828 2601 934 2693 longe
958 2601 1151 2669 clementis-

229 2753 322 2841 simi,
358 2756 617 2847 magnanimitas
649 2729 833 2824 eorundem
865 2755 1093 2846 praemiorum
1118 2763 1152 2822 et

228 2865 528 3001 proponendomm
570 2919 603 2976 ct
633 2909 934 2994 adiudicandornm
963 2909 1065 2978 decus
1097 2909 1152 2978 inss

229 3070 364 3153 tegrum
385 3063 481 3130 iussit
494 3065 635 3152 serrari,
661 3086 853 3155 magnoque
877 3035 1016 3132 nummo
1040 3086 1152 3150 aureo,

230 3216 390 3283 victoriae
412 3217 522 3315 pretio
542 3218 592 3284 illi
612 3216 817 3306 expetendo,
843 3217 1026 3309 imaginem
1041 3217 1076 3282 in
1096 3209 1160 3283 ae-'

230 3354 363 3436 ternum
387 3391 498 3438 caram
523 3368 734 3438 dilectissimi
759 3369 888 3456 fratris,
918 3372 984 3436 τοῦ
1004 3368 1154 3454 μακαρί-

231 3545 309 3605 του,
333 3522 491 3591 intactam
515 3522 671 3616 relinqui.

330 3673 545 3765 Philologiae
557 3678 679 3744 ueteris
705 3678 844 3770 quidem
864 3667 1051 3786 studiorum
1071 3696 1157 3766 quae
1225 3672 1228 3678 ’

235 3825 338 3900 facies
362 3837 448 3896 esset
468 3828 508 3898 in
537 3831 719 3920 provinciis
742 3833 826 3900 mari
840 3831 983 3902 Baltieo·
1000 3829 1158 3901 adiacen-
