2720 4650
525 447 749 527 ..7..

167 648 344 736 particulam
365 647 467 713 minus
488 617 592 712 usitate
613 639 791 711 'collocatam
804 645 1007 724 reiioiendum
1024 671 1092 716 esse

85 787 88 798 ¹
147 757 241 832 ,vidit
253 752 451 833 Matthiaeus,
473 756 527 839 qui
547 769 649 817 tamen
671 754 732 817 loci
752 757 973 817 constructione
985 777 1092 840 parum

165 861 319 925 intellecta
341 859 381 922 de
401 841 736 946 anacolutholoquitur,
756 859 810 922 nbi
830 881 893 922 non
913 861 1006 925 adest.
1034 861 1091 924 Le·

166 947 303 1056 gendum
316 966 463 1030 existimat
479 957 578 1052 dsyoit
595 999 639 1014 -·
660 963 696 1026 ri
718 964 752 1027 δ’
775 955 819 1028 οὐ
841 963 1092 1053 domm-quo·

158 1075 246 1136 'niam
260 1071 426 1156 Euripides
440 1066 545 1156 disere
557 1071 703 1135 voluerit:
724 1061 832 1154 ds'yd
842 1064 956 1153 ἀτελῆ
976 1077 1091 1136 ποιεῖν

163 1175 285 1244 θέλων
305 1174 416 1244 nortl
438 1172 536 1264 ἔργῳ
557 1174 620 1242 nol
632 1164 744 1261 ἔλόγςρ
766 1175 816 1246 εἰς
836 1175 940 1259 ἔχθος
961 1163 1089 1260 ἦλθον.

164 1285 269 1371 Quam
298 1285 490 1370 aposiopesin
531 1285 571 1349 ito
604 1285 807 1372 sup'plendam
837 1286 920 1347 unde
955 1259 1094 1375 arsinus·
1125 1271 1128 1280 .

163 1395 202 1456 rit
235 1412 359 1478 prorsus
391 1411 443 1454 me
478 1389 564 1453 latet.
625 1391 696 1454 Hoc
738 1405 852 1454 tantum
876 1392 978 1468 ¹seio,
1022 1417 1090 1458 eam

162 1498 317 1577 unicuivis
337 1496 635 1564 durissimamvideri
650 1495 774 1560 debere.
798 1497 908 1582 Neque
917 1519 989 1562 vero
1003 1499 1090 1565 allala
1174 1541 1178 1554 ι

162 1607 267 1670 inisset
298 1627 317 1669 a
344 1600 536 1678 'Matthiaem
586 1604 613 1668 si
648 1603 793 1688 Soltoliou
831 1623 894 1666 non
945 1628 1091 1689 spernen-

162 1712 301 1775 nendum
323 1710 524 1774 meminisset:
546 1699 703 1791 λείπειῆ
734 1700 815 1787 dul,
843 1701 930 1774 dt'e‘i
957 1701 1090 1793 λέγων·
1190 1740 1195 1748 ·

159 1809 184 1880 d
208 1807 251 1880 δὲ
274 1814 380 1894 roos,
407 1804 581 1898 πράττων
602 1811 665 1879 καὶ
694 1803 819 1898 λέγων
839 1806 1090 1900 nundinanti-

161 1925 240 2005 θην
262 1911 336 1988 ὑπὸ
364 1919 441 1986 τῶν
470 1920 612 1986 παίδων
640 1922 709 1988 τοῦ
745 1921 940 2014 Oidlttodos·
983 1925 1091 1991 Narrat

62 2021 64 2028 ⁴
160 2030 307 2094 uidelicet
327 2030 468 2106 Tiresias,
495 2026 654 2114 Oedipum
674 2031 756 2094 filios
777 2052 847 2098 snos
868 2031 977 2115 impios
998 2033 1091 2122 devo-

159 2136 260 2204 visset
279 2151 488 2224 „quapropter
508 2136 530 2198 i.
552 2157 581 2197 e.
598 2135 708 2221 quibus
723 2137 796 2199 diris
813 2153 995 2211 commotus,
1018 2159 1091 2206 cuns

159 2265 212 2307 eos
233 2241 430 2316 monuissem,
459 2244 507 2320 (ut
529 2241 647 2324 pietatis
669 2241 779 2305 officiis
798 2241 1030 2317 satisfacerem)
1061 2259 1091 2305 et

158 2347 238 2413 nihil
265 2349 432 2422 indictum,
467 2345 544 2408 nihil
573 2347 723 2408 iniectum
751 2345 955 2431 reliquissem,
983 2369 1091 2411 eorum

157 2455 350 2554 inimicitiam
373 2453 449 2516 mihi
474 2455 641 2517 contraxi.“
684 2451 777 2514 Poeta
804 2475 889 2528 vero,
918 2475 1013 2538 quum
1041 2477 1092 2518 ex·
1120 2478 1125 2486 ·

159 2563 295 2648 primere
315 2559 422 2634 vellet,
444 2558 541 2636 „nihil
562 2559 722 2634 indictum,
748 2559 827 2622 nihil
847 2560 995 2624 infectum
1021 2561 1091 2625 reli·
1196 2611 1199 2635 ,

159 2671 247 2754 qui‚“
277 2667 310 2730 id
344 2687 403 2752 per
427 2667 694 2753 interrogationem
722 2665 887 2752 siguificat:
918 2666 1091 2752 „quidnam

160 2795 220 2860 ego
241 2796 303 2836 non
324 2759 438 2835 seoi‘l“
459 2768 512 2834 De
533 2795 591 2857 qua
611 2773 757 2859 loquendi
786 2771 1091 2838 iorms‘Matthiae‘us
1171 2779 1194 2844 s
1257 2764 1262 2782 ’

159 2894 229 2964 apte
257 2878 392 2944 laudavit
420 2873 641 2942 Ruhnkenium
670 2879 709 2942 ad
736 2875 833 2941 Rutil.
870 2878 906 2941 L.
937 2899 968 2961 p.
990 2875 1035 2941 54
1061 2893 1091 2940 et

159 2983 390 3048 Blomlieldium
417 2981 450 3046 in
481 2985 626 3069 glossario
655 2985 694 3047 ad
721 2981 837 3048 Aesoh.
880 2982 966 3046 Pers.
982 2981 1116 3060 totu·

161 3091 206 3155 Ita
224 3113 300 3155 vero
321 3089 419 3154 omnis
439 3089 609 3152 anacoluthi
628 3092 748 3175 species
773 3111 895 3173 prorsus
925 3091 1090 3164 evanescit,

160 3219 262 3283 neque
290 3197 352 3259 iam
388 3191 594 3258 necessarium
629 3211 690 3271 est,
725 3210 758 3258 ut
790 3215 862 3257 oum
888 3192 996 3257 Bothio
1022 3211 1091 3285 post
1142 3255 1143 3258 ,

161 3293 261 3387 ἃ’γῶ
289 3315 441 3366 commate
461 3295 719 3388 interpungamus.
739 3333 784 3347 -
808 3285 917 3385 Neque
938 3303 1108 3386 praeposi,¹

160 3411 274 3474 tionem
294 3403 378 3488 περὶ
399 3409 507 3494 tragici
533 3410 565 3469 in
587 3407 732 3472 diverbiis
756 3422 825 3470 ante
853 3407 992 3471 vocalem
1013 3407 1090 3469 litte·
1164 3421 1169 3470 J

160 3537 225 3580 ram
249 3515 416 3580 admittunt.
440 3510 526 3598 Quin
548 3515 638 3578 etiam
659 3515 691 3576 id
712 3535 768 3598 pro
789 3513 861 3578 vitio
882 3512 1024 3576 habuisse
1044 3511 1090 3574 vi·

160 3620 271 3684 dentur
289 3622 323 3683 iu
344 3620 473 3696 melicis,
488 3618 554 3689 ,ubi
582 3621 733 3688 adiectiva
756 3618 962 3684 tantummodo
988 3630 1019 3678 et
1039 3615 1090 3678 ad·

160 3726 277 3802 verbio,
303 3728 359 3792 sed
380 3747 446 3789 raro
466 3726 641 3802 admodum,
661 3749 732 3791 oum
752 3723 834 3806 περὶ
858 3723 1031 3807 composita
1045 3723 1089 3785 iu·

160 3833 333 3898 veniuntur.
376 3829 417 3894 V.
448 3829 615 3897 Porsonem
648 3835 686 3897 nd
718 3833 793 3896 Eur.
827 3825 921 3892 Med.
949 3825 1025 3892 284.
1047 3865 1090 3880 ·-
1154 3842 1158 3850 '

158 3929 349 4024 praepositis
365 3929 439 4017 πρὸ
461 3961 563 4026 neque
592 3962 725 4026 unquam
756 3935 889 4009 eliditur,
923 3955 1025 4027 uentre
1047 3951 1088 3998 te-
1119 3939 1122 3945 “

357 4181 367 4211 l
