2726 4652
549 467 797 548 ...79-

210 653 339 731 ξυνών
371 652 529 745 ἀδελφὰς
558 653 669 730 αὐτὸς
693 661 760 726 καὶ
787 653 932 744 πατήρ,
974 664 1138 742 commode

207 771 286 832 verri
308 784 408 855 potest
453 768 548 851 „ipre
569 769 626 832 erit
647 783 733 852 pater
752 785 784 832 et
803 771 894 834 irater
916 768 1049 834 filiorum
1069 790 1137 834 suo·

206 879 310 936 rum.“
353 873 393 937 V.
414 871 523 938 Elmst
545 906 587 920 -
608 870 715 938 Codex
731 875 903 939 Laudianus
920 877 951 938 h.
973 874 994 937 l.
1013 873 1138 958 praebet

163 1051 172 1070 .
207 971 331 1056 ἁύτός,
352 979 490 1042 Martino
501 994 587 1041 teste.
618 979 682 1060 IV)
704 980 797 1062 Soph.
816 980 895 1042 Phil.
912 979 1008 1053 1330,
1029 1013 1069 1026 -·
1089 974 1138 1050 cic

207 1075 258 1148 dv
270 1076 380 1152 ἁύτὸς
395 1077 495 1164 ἥλιος
513 1073 630 1167 ταύτῃ
647 1081 715 1165 μὲν
724 1084 832 1169 αἴρῃ,
844 1103 865 1149 τ
877 1084 931 1149 ’δε
944 1086 978 1148 δ’
986 1071 1138 1170 αὖΙδύνῃ

205 1182 334 1268 πάλιν,
371 1190 423 1254 ubi
457 1180 587 1267 αὐτός,
629 1190 687 1256 sol
721 1193 826 1280 ipse,
861 1109 1136 1278 piirumsquadrat.
1219 1198 1224 1206 '

206 1299 287 1360 Nam
314 1313 423 1375 sensus
454 1312 502 1361 est
530 1299 598 1372 hic,
639 1319 759 1384 „quam
787 1300 841 1361 diu
867 1300 929 1362 hic
958 1300 1061 1362 idem
1086 1302 1136 1366 aol

205 1401 357 1478 manebit,
386 1403 439 1488 qui
467 1406 525 1466 hac
553 1417 637 1486 parte
658 1405 738 1467 coeli
760 1406 873 1478 oritur,
903 1404 958 1468 itta
985 1407 1137 1470 occidit.“

116 1547 124 1561 x
205 1507 319 1573 Minue
351 1523 435 1571 recte
467 1507 575 1586 Herm.
597 1509 649 1581 2ad
684 1509 777 1592 Soph.
810 1509 927 1596 Antig..
945 1511 966 1573 l.
993 1511 1016 1574 l.
1059 1512 1137 1584 „sin

207 1607 319 1683 ἇύτὸς
345 1613 470 1686 scribis,
495 1614 609 1698 inquit,
636 1615 695 1678 hoc
721 1615 840 1678 dicetur
866 1616 949 1700 qnasi
974 1617 1016 1678 de
1035 1615 1137 1700 aliquo

206 1742 244 1783 er
270 1719 408 1802 pluribus
427 1717 584 1784 solibue.“
626 1719 745 1804 Neque
762 1723 803 1788 ita
823 1723 993 1786 necessarie
1014 1723 1137 1786 videtur

205 1823 353 1888 Brunckii
381 1823 557 1890 coniectura
587 1809 707 1898 οὗτος,
738 1842 862 1909 recepta
886 1826 924 1890 ab
948 1827 1136 1902 Hermanno,

207 1931 386 2002 Schaefero,
408 1931 584 2006 Wunder03
605 1928 787 2014 Doederlini
809 1933 978 1996 faciliorem
1000 1937 1137 1996 mutatio·

205 2057 278 2098 nem
299 2024 420 2111 αὐτός,
442 2057 533 2120 quem
555 2038 710 2119 proposuit
730 2038 762 2100 in
785 2037 921 2118 Specim.
943 2061 975 2126 p.
989 2035 1048 2111 54,
1068 2038 1136 2101 iure

204 2141 436 2224 praeferendam
469 2143 587 2204 censuit
617 2137 730 2204 Matth.
758 2142 791 2202 in
818 2163 888 2204 nov.
923 2131 973 2204 ed.
1002 2143 1135 2226 Weigel.

129 2279 133 2288 ·
205 2248 250 2324 V]
270 2247 376 2332 Antig.
392 2240 456 2310 929
475 2280 516 2296 ·-
538 2242 590 2309 ἔτι
608 2245 684 2310 τῶν
705 2240 831 2314 αὐτῶν
853 2243 1011 2328 ἀνέμωκ·
1024 2239 1135 2312 αὐταὶ

204 2351 322 2433 ψυχῆς
353 2345 462 2432 [imai
488 2330 659 2434 riivder'
688 2347 851 2433 ἔχουσιν,
885 2351 939 2415 ubi
966 2353 1073 2418 Herm.
1103 2358 1136 2419 in

202 2459 282 2522 libro
310 2458 351 2522 de
380 2459 503 2521 emend.
532 2474 586 2520 rat.
611 2479 657 2542 gr.
686 2481 731 2543 gr.
754 2482 787 2542 p.
806 2457 868 2532 50,
896 2472 926 2520 et
946 2457 1081 2524 Erfurdt.
1102 2462 1136 2524 in

203 2565 254 2627 ed.
280 2566 350 2628 mai.
369 2556 495 2628 «dtitai
521 2565 714 2648 scripserant.
756 2563 821 2629 Sed
845 2581 948 2648 postea
973 2566 1082 2630 Herm.
1102 2569 1137 2630 in

201 2672 336 2733 editione
361 2672 491 2736 restituit
510 2662 633 2744 αὐταί,
663 2684 804 2735 vertens:
835 2673 1031 2744 „earundem
1051 2693 1136 2736 aure·

199 2799 270 2839 rem
291 2775 386 2840 flabra
409 2779 473 2861 ipse
493 2781 573 2840 hanc
593 2796 694 2849 nunc,
725 2791 864 2850 utente,
886 2783 1030 2839 renent.“
1073 2777 1134 2842 Ita·

202 2905 265 2964 que
290 2904 399 2950 omnes
426 2883 611 2946 recentiores
631 2885 663 2946 in
686 2881 805 2966 vulgata
828 2877 938 2944 αὐταὶ
960 2902 1043 2945 nunc
1065 2886 1132 2967 qui·

202 2989 275 3050 dem
301 3002 386 3050 recte
412 2989 618 3072 acquiescunt.
670 2987 707 3048 In
736 2987 807 3050 edit.
837 2985 972 3070 Weigel.
1003 3008 1085 3050 nunc
1113 3012 1133 3050 e

202 3093 350 3158 Brunckii
371 3096 545 3156 coniectura
566 3095 695 3177 iegitur:
717 3089 850 3154 αἰτῶν
870 3082 997 3154 ἀὐτῶν
1019 3085 1132 3154 αὐταὶ
1219 3134 1221 3138 -

201 3201 317 3282 ψυχῆς
335 3195 443 3282 danai
464 3191 569 3281 τήνδ’
590 3195 826 3278 ἔτ’«ἔχουσιν,
846 3201 925 3282 quod
950 3199 1132 3262 Scheeierus

203 3310 294 3370 etiam
316 3308 425 3391 recipit
445 3309 477 3370 in
497 3305 772 3370 Taochnitzianam.
794 3341 836 3356 -
860 3301 1058 3388 Matthiaeus,
1080 3307 1132 3389 qui

203 3413 330 3478 inAdd.
347 3409 644 3495 adEur.Hipp.183,
666 3395 1020 3474 Hermannisenteritiem
1030 3412 1132 3475 minus

202 3519 395 3614 probaverat,
428 3535 511 3581 nunc
543 3517 605 3579 iarn
640 3516 674 3577 in
701 3517 834 3580 editione
860 3539 914 3582 sue
940 3516 1133 3601 Weigelianc

204 3625 359 3708 vulgatam
388 3623 598 3707 recipiendam
626 3622 721 3686 duxit.
769 3622 811 3684 Et
840 3625 977 3708 profecto
1006 3623 1132 3684 defendi

125 3787 130 3792 .
204 3751 240 3792 ea
259 3731 367 3812 poterit
388 3731 424 3795 iis
446 3731 530 3818 ipsis,
557 3730 676 3812 quael.
697 3729 719 3791 l.
737 3729 851 3791 attulit:
897 3729 982 3811 „qui
1007 3717 1130 3806 αὐτός,

203 3834 270 3918 ipse
291 3837 374 3912 dicit,
396 3839 420 3900 is
446 3837 549 3913 alium,
571 3836 609 3902 ab
630 3859 667 3900 eo
688 3835 854 3907 diversum,
876 3836 977 3896 mimo
996 3837 1080 3919 quasi
1100 3836 1131 3897 ei

206 3945 338 4027 opponit,
365 3957 397 4006 ut
417 3943 454 4007 sit
473 3945 551 4027 ipse,
572 3965 633 4008 non
654 3943 763 4007 alius.“
806 3939 906 4006 Locus
922 3941 1009 4009 mim
1028 3958 1132 4009 rrnctte
