2726 4652
512 459 661 592 -ar
709 553 760 637 5-

177 709 279 783 venit,
309 707 362 791 qui
389 715 492 773 tamen
519 711 702 794 plerumque
727 707 914 775 irensibus
935 710 1103 798 scribepdis

178 814 290 876 rectius
301 803 394 878 abeit.
434 815 556 900 Neque,
578 817 621 878 uti
642 813 717 877 olim
733 816 799 878 fere
814 815 959 889 solebant,
973 813 1103 882 'exaran-

178 919 252 981 dum
271 934 317 982 est
333 904 559 1001 θοῦρμαιον,
582 909 813 998 θὸὐκατεῖον,
833 911 993 999 θ’ὥπλα,
1018 903 1102 1008 ilai,
1169 914 1173 923 ’

178 1045 272 1106 quum
294 1027 440 1089 transierit
461 1028 600 1110 aspiratio
620 1027 652 1088 in
671 1026 782 1089 litteras
811 1027 839 1087 S
883 1043 913 1090 et
937 1048 973 1108 χ,
1001 1050 1103 1111 neque

83 1155 87 1164 ·
177 1132 378 1203 necassent,
410 1145 442 1192 ut
471 1132 591 1217 spiritus
619 1153 708 1218 asper
728 1132 901 1205 adiicietur,
929 1133 983 1195 sed
1005 1135 1104 1217 potius
1281 1187 1285 1202 .

176 1223 320 1310 trinta,
352 1226 417 1320 χῷ,
450 1235 470 1297 i.
488 1259 516 1299 e.
538 1233 601 1298 nal
624 1235 863 1322 oi,quamquam
880 1237 1011 1330 Seidlefi
1034 1258 1103 1299 aen·

87 1337 92 1344 “
162 1335 268 1402 ,ientia
295 1341 327 1402 l.
345 1340 366 1402 l.
394 1363 426 1423 p.
448 1337 526 1415 149,
551 1365 609 1426 qua
633 1342 754 1428 spiritus
774 1341 938 1406 servandus
959 1343 1013 1415 sit,
1034 1365 1102 1406 ana·

177 1444 257 1529 logia
286 1443 567 1530 quadam‘defendi
595 1461 700 1530 potest.
744 1444 893 1530 „Magno
920 1448 1004 1510 enim
1029 1469 1101 1512 con·
1127 1536 1132 1545 ι
1210 1487 1214 1500 ,

176 1569 264 1630 sensu
287 1552 450 1614 etiamnum
472 1549 630 1613 scribimus
649 1538 758 1630 νύχθ’
781 1545 916 1631 3an,
952 1553 993 1616 ait
1013 1553 1101 1616 seid-

175 1636 280 1728 ter-usa
315 1671 344 1717 at
372 1677 446 1734 vero
476 1660 553 1718 haec
582 1679 666 1718 mera
694 1673 737 1718 est
771 1658 872 1728 elisio,
908 1679 970 1718 uon
987 1649 1100 1720 'crasie

162 1759 304 1844 ‘Veteres
325 1762 512 1846 grammatici
540 1759 675 1826 scribere
696 1763 841 1828 solebant»
858 1752 1009 1846 Ἀτρεύς,
1037 1783 1101 1844 ρα-

174 1853 282 1944 πρὁ,
315 1856 468 1948 θρόνος,
503 1855 653 1947 χρόνος,
684 1869 853 1952 dequibus
881 1891 912 1930 v.
941 1869 1100 1933 Villoison.

146 2022 149 2030 .
175 1971 319 2033 Anecdd.
347 1972 396 2046 ΙΙ,
424 1995 454 2056 p.
485 1973 571 2048 121‚·
596 1989 627 2034 et
649 1974 743 2037 Wolf.
765 1975 855 2037 Attal.
879 1973 911 2049 I,
933 1972 969 2035 P.
991 1973 1040 2044 ΙΙ,
1069 1996 1100 2056 p.

135 2083 142 2092 '
173 2076 248 2138 440.
292 2075 404 2140 Matth.
430 2079 468 2140 ad
496 2079 569 2139 Eur.
596 2076 664 2160 Iph.
691 2083 780 2142 Taur.
805 2079 879 2144 336.
914 2111 953 2125 --
991 2080 1130 2174 Neque
1206 2139 1208 2146 s

174 2203 249 2246 veto
271 2170 348 2260 tanta
375 2198 420 2247 est
439 2185 587 2245 editorum
616 2184 810 2248 inconstantia
839 2187 871 2246 in
900 2199 1028 2248 accentu
1049 2205 1102 2266 po·

173 2288 293 2362 nendo.
325 2303 432 2372 quanta
460 2288 580 2350 videtur
606 2285 811 2362 Schneidero,
845 2290 897 2373 qui
923 2308 1101 2364 more'suo,

174 2408 382 2476 utrumque
416 2409 617 2456 accentum
651 2415 719 2476 pro
743 2393 920 2458 ,arbitrio
965 2388 1101 2456 adhiberi

173 2514 382 2578 passerum,
409 2514 545 2560 neutram
568 2499 721 2563 scribendi
748 2500 893 2584 rationem
915 2521 1015 2584 neque
1035 2495 1113 2582 plu·¹

174 2601 278 2680 ribus,
312 2618 345 2665 ut
378 2626 432 2686 par
468 2620 547 2677 erat,
580 2599 735 2677 defendit,
777 2587 879 2688 ireque
921 2605 1101 2686 repudiavit.
1180 2623 1186 2630 ’

174 2705 369 2792 Quamquam
388 2709 608 2782 Hermannum‚
630 2711 775 2794 aliosque,
794 2732 924 2794 quorum
938 2710 1101 2790 ⁴auctoritas
1134 2763 1139 2772 .
1158 2757 1160 2762 s

173 2814 275 2896 gravis
295 2835 361 2877 esse
376 2815 477 2888 debet,
496 2807 668 2896 τοῦργον,
689 2805 831 2892 τοῦπος,
845 2817 867 2880 i.
879 2839 909 2884 e.
924 2806 966 2877 τό
978 2811 1100 2895 ἔργον,

172 2909 216 2980 τὸ
241 2915 340 2995 ἔπος,
367 2901 508 2983 scribere¹
525 2921 623 2984 solere
652 2945 712 2983 non
741 2923 863 3006 ignoro,
898 2935 999 2983 tamen
1029 2909 1109 2980 cum

144 3067 150 3074 ·
173 3025 298 3098 Wolfio,
318 3046 410 3108 quem
433 3048 462 3086 v.
487 3026 508 3087 l.
530 3027 551 3087 l.
575 3047 603 3108 p.
616 3021 691 3098 431,
735 3025 907 3088 raetulerim
928 3009 1102 3104 τοῦργον,

172 3111 306 3196 τοῦπος
319 3175 331 3204 ,
359 3119 448 3212 quam
471 3132 648 3213 scripturam
670 3153 686 3192 a
707 3033 864 3191 lobecltio
886 3130 917 3190 in
941 3128 1057 3202 Aiace,
1084 3151 1102 3192 a

173 3233 361 3305 Wellauerc,
385 3234 535 3309 Schtttrio,
555 3233 746 3298 Blomfieldio
767 3235 892 3317 aliisque
914 3223 1101 3296 oheervata'm

173 3361 242 3402 esse
266 3339 376 3422 vide03
404 3340 457 3400 sed
479 3363 606 3403 numero
628 3342 737 3422 plurali
758 3331 898 3421 τᾶργα,
920 3355 951 3401 ut
968 3329 1099 3416 τᾶλλα,
1201 3369 1202 3382 ¹

137 3447 142 3460 '
171 3433 325 3515 suala,
353 3466 438 3527 *quae
474 3446 587 3506 formae
620 3447 756 3530 analogia
789 3448 918 3508 cresium
949 3435 1099 3521 τᾶνδον,

172 3540 269 3624 κᾶτι,
291 3539 405 3628 χᾶμα,
429 3547 564 3622 aliarum',
587 3552 626 3611 de
643 3549 750 3633 quibus
765 3551 847 3616 nulla
868 3547 1010 3611 dubitatio
1032 3549 1100 3610 sub·

145 3656 256 3719 ,nasci
278 3669 391 3738 potest,
413 3654 585 3718 luculenter
606 3635 818 3718 defenduntur.
850 3654 892 3718 V.
911 3653 1006 3737 Popp.
1027 3654 1100 3715 Pro·

170 3758 255 3844 legg.
276 3760 309 3821 in
330 3759 471 3848 Thucyd.
492 3777 522 3842 p.
541 3758 616 3823 215.
638 3759 669 3821 et
687 3757 801 3826 Buttm.
821 3784 866 3846 gr.
886 3781 931 3842 gr.
955 3762 980 3835 §.
997 3757 1049 3840 28,
1067 3756 1099 3820 7.

169 3863 261 3926 Licet
272 3865 356 3926 enim
368 3864 537 3927 secundum
548 3851 819 3950 'grammaticorum
831 3880 1029 3947 praeceptum
1048 3885 1098 3927 ac·

112 4030 118 4038 .
171 3985 279 4037 centur
292 3967 507 4035 circumflexus
521 3971 593 4032 oriri
613 3992 676 4033 nou
688 3973 778 4056 possit
793 3970 909 4055 egravi
920 3990 990 4033 cum
1004 3985 1101 4046 acuto,
1203 4011 1205 4015 ·
1225 3961 1228 3966 ’
1251 3973 1260 3976 “

861 4073 884 4136 8
