2726 4652
247 623 322 702 520,
344 621 459 690 Jacobs.
479 623 512 686 in
532 624 627 707 praef.
647 623 687 688 ed
706 620 832 690 Androl.
853 621 918 690 Pal.
937 649 969 712 p.
986 624 1040 704 29,
1065 625 1171 715 Etym.

247 728 300 796 Μ.
321 756 353 816 p.
372 730 427 803 78,
446 727 506 800 20,
525 730 565 794 de
586 719 709 812 πάντη
729 754 759 798 r.
779 731 882 794 Koen·
902 730 940 795 rd
954 727 1085 819 Gregor.
1097 729 1171 794 Cor.

246 861 277 923 p.
285 837 360 908 213,
380 835 434 900 De
454 837 590 920 perfecto
604 834 751 919 μέμῃνα
769 837 850 900 etde
863 837 979 902 roristis
999 827 1170 919 ἐπήμηνα

245 960 277 1008 et
288 932 465 1024 ἕπῆμῃνα,
485 936 610 1023 duppe,
631 944 671 1004 cf.
682 943 864 1006 Schneider.
881 943 940 1006 1.Ι.
962 958 992 1005 et
1013 944 1048 1006 in
1060 941 1169 1005 libello

245 1043 467 1131 dedial.'Sop11.
482 1046 570 1131 p.43.
581 1046 633 1111 De
644 1047 794 1116 adverbiis
809 1047 998 1133 quibusdam,
1014 1049 1047 1110 in
1063 1046 1077 1109 1
1093 1063 1123 1109 et
1136 1045 1170 1110 ei

245 1153 436 1228 exeuntibus,
457 1176 489 1218 v.
500 1152 619 1242 Reisig.
635 1151 819 1218 Commenrt.
838 1155 871 1217 in
893 1149 972 1219 Oed.
995 1149 1062 1216 Col.
1075 1153 1170 1231 1638,

244 1262 355 1325 Herm.
375 1260 413 1323 rd
435 1259 530 1344 Soph.
556 1259 610 1322 Ai.
632 1259 727 1337 1206,
750 1257 864 1324 Blomf.
886 1259 978 1345 gloss.
1001 1260 1034 1322 in
1054 1258 1170 1322 Aesch.

243 1367 347 1432 Prom.
366 1362 442 1430 216.
474 1397 517 1414 -
554 1363 713 1442 Ἐθέλω,
742 1367 832 1450 epioe
852 1367 963 1440 forma,
1005 1366 1037 1426 in
1054 1367 1170 1448 tragico

186 1542 189 1553 ,
243 1475 380 1538 trimetro
400 1493 462 1534 non
481 1469 611 1555 legitur,
650 1474 706 1536 sed
725 1470 841 1546 θέλω
869 1486 994 1556 utraque
1018 1473 1171 1533 tamenin

242 1578 350 1668 lyricis
375 1592 465 1660 atque
490 1577 684 1661 anapaesticis
716 1575 854 1641 versibus
888 1576 1052 1664 reperitur.
1125 1577 1168 1640 V.

242 1678 381 1746 Lobeck.
401 1681 440 1744 ed
456 1682 548 1763 Soph.
561 1681 615 1746 Αἰ.
627 1681 681 1760 24,
702 1697 733 1744 et
750 1682 789 1744 ad
806 1681 922 1770 Phryn.
943 1703 975 1764 p.
996 1679 1028 1757 7,
1045 1697 1075 1743 et
1093 1681 1169 1772 632,

242 1788 351 1852 Herm.
380 1787 420 1850 ad
450 1786 545 1868 Soph.
581 1786 658 1848 Phil.
690 1786 794 1863 1327,
843 1787 1000 1873 Popponis
1025 1786 1168 1872 Prolegg.

242 1891 380 1980 pm:
410 1889 464 1953 De
485 1891 643 1976 participio
669 1888 810 1970 θέλων,
843 1891 877 1954 in
905 1891 1048 1954 trimetris
1066 1889 1167 1967 obvio,

240 1998 463 2066 v.·Wellauer.
487 1998 527 2060 ad
547 1995 661 2060 Aeseh.
681 1995 793 2083 Agam.
815 1995 889 2062 650.
945 1997 1006 2061 Pro
1036 1987 1166 2077 ὀδύρο-

240 2125 308 2190 μαι
350 2103 431 2188 apud
450 2085 454 2094 ’
471 2102 600 2188 tragicos
640 2099 752 2188 passi'm
797 2104 909 2190 legitur
947 2105 1065 2188 poetica
1108 2107 1169 2166 for·

239 2235 291 2276 rna
309 2201 491 2290 δὺρομαι,
528 2207 654 2292 deque
682 2219 713 2272 ν.
735 2208 859 2274 Person.
885 2211 924 2273 rd
944 2210 1019 2272 Eur.
1045 2210 1167 2273 Hecub.

239 2314 315 2392 731,
337 2317 445 2379 Herm.
466 2314 507 2377 ed
525 2313 618 2396 Soph.
641 2310 722 2380 Oed.
744 2311 813 2380 Col.
832 2313 928 2394 1141,
949 2329 980 2378 et
1000 2315 1167 2379 Welleuer.

240 2423 280 2486 ad
300 2424 416 2486 Aesch.
437 2419 537 2483 Prom.
559 2417 633 2484 271.

325 2523 378 2598 De
422 2515 623 2611 εὐτραφής,
666 2517 844 2610 εὐτρεφὴς
884 2549 916 2592 v.
949 2525 1086 2590 Lobeek.
1128 2527 1168 2590 ad

239 2632 356 2721 Phryn.
381 2653 416 2717 p.
442 2631 517 2694 577.
560 2663 601 2678 ·-
641 2630 696 2696 De
716 2633 873 2714 adiecrivir
898 2624 1063 2714 βάκχιος,
1084 2624 1168 2696 δού-

187 2765 190 2772 ·
240 2740 331 2814 λιος,
351 2733 470 2802 ἵππιος
491 2757 546 2818 pro
566 2737 738 2818 βακχεῖος
757 2751 816 2800 cet.
836 2759 874 2802 r.
894 2739 1003 2802 Elmsl.
1033 2739 1072 2802 ad
1091 2741 1169 2805 Eur.

192 2895 193 2902 ,
238 2843 350 2908 Bacch.
372 2839 472 2914 1112,
497 2838 613 2904 Monk.
633 2843 672 2905 ad
692 2842 766 2920 Eur.
786 2843 881 2927 Hipp.
902 2843 967 2909 307
971 2887 982 2920 ,
1002 2859 1034 2908 et
1053 2843 1168 2908 Marrh.

239 2950 312 3014 ibid.
329 2945 431 3023 1267;
452 2949 493 3010 cf.
516 2945 718 3012 Valckenaer.
746 2947 784 3012 ad
801 2948 876 3012 Eur.
898 2949 1014 3014 Phoen.
1039 2972 1069 3034 p·
1089 2928 1165 3026 497,

237 3054 393 3120 Thiersch.
413 3075 459 3140 gr.
479 3075 525 3139 gr.
547 3057 571 3130 §.
592 3051 675 3128 243,
703 3069 765 3116 not.
784 3053 821 3131 8,
852 3056 902 3119 ed.
923 3070 989 3119 tert.
1031 3091 1073 3103 -
1112 3053 1167 3120 De

238 3149 418 3240 στενάχω,
450 3157 655 3240 στοναχέω,
687 3159 884 3242 στεναχέω,
911 3185 988 3247 quae
1007 3160 1098 3224 dubia
1122 3178 1166 3224 est

236 3269 351 3342 forma,
378 3287 410 3329 v.
432 3261 544 3356 Buttm.
563 3265 639 3326 Lex.
659 3263 693 3335 Ι,
720 3287 750 3347 p.
770 3265 853 3342 215,
874 3289 938 3352 sq„
963 3268 1110 3330 Wunder.
1127 3269 1166 3330 ad

237 3373 332 3454 Soph.
360 3369 409 3432 El.
433 3369 511 3444 131,
542 3385 572 3448 et
596 3365 767 3450 franckiue
794 3372 831 3434 ad
853 3373 948 3436 Inscr.
969 3371 1106 3436 Richter.
1137 3373 1163 3451 Ι,

199 3467 204 3504 ³
236 3475 268 3552 9,
290 3500 321 3560 p.
343 3473 402 3552 893
428 3475 468 3536 de
489 3472 700 3544 κνυὸἅσθαι
720 3491 750 3536 et
768 3479 982 3564 κνυξεῖσθαι
1003 3501 1034 3541 v.
1056 3480 1164 3550 Herm.

234 3585 275 3648 ad
295 3585 386 3666 Soph.
408 3578 487 3646 Oed.
510 3575 577 3660 Col.
592 3577 686 3656 1567,
709 3597 739 3643 et
755 3581 863 3646 Elmsl.
885 3583 1006 3664 (1571),
1027 3582 1163 3648 Brunek.

235 3691 274 3768 ad
294 3689 388 3754 Arist.
414 3688 508 3770 Vesp.
528 3681 602 3748 977.
636 3717 682 3766 Ι-
724 3687 762 3750 In
790 3690 963 3784 nominihus
982 3690 1166 3776 quibusdam

142 3847 144 3853 .
235 3796 364 3879 propriis
382 3809 501 3857 veteres
518 3793 598 3855 arici
610 3794 785 3876 praeferunt
799 3819 894 3860 unum
912 3804 1007 3883 dpro
1027 3796 1167 3884 duplice,

236 3916 269 3967 ut
278 3901 457 3980 Κρισαῖος,
475 3897 604 3979 Κρῖσα,
621 3887 833 3983 Κασᾶνόρα,
846 3891 1015 3990 Κηφισός,
1025 3891 1170 3982 'Id-1655,
