2720 4650
443 343 457 376 ο
621 367 630 384 .

443 453 450 469 ‘
586 483 637 498 ·-
683 448 736 524 32
782 483 833 498 -

150 655 156 668 '
252 642 334 709 οἶδα
341 685 353 718 ,
387 637 450 706 καὶ
469 639 637 722 πέπυσμ’,
665 630 691 702 aii
711 627 758 702 σύ
776 657 819 723 γε
837 638 977 721 μέλλεις
995 655 1042 722 με
1059 639 1169 725 δρᾷν.
1193 699 1199 708 ,

251 751 345 836 Quod
362 749 435 810 lioet
454 733 580 811 unicum
593 743 718 824 fortasse
733 747 770 810 sit
783 746 1089 831 exemplumprimae
1101 766 1176 834 per-j·

249 857 323 921 seoti
342 853 454 938 passivi
475 874 632 936 personae,
652 853 811 943 elisionem
831 873 955 936 possse,
984 874 1016 918 v.
1039 851 1117 916 L0b;
1137 876 1172 938 p.

248 960 324 1034 248,
344 975 446 1022 umen
465 958 569 1022 nescio
593 979 631 1021 au
651 967 714 1020 non
733 959 792 1022 sint
811 959 1010 1024 necessariae
1023 957 1173 1022 Erfurdtii

249 1070 289 1132 ad
311 1065 364 1129 Αἱ.
386 1065 408 1128 l.
429 1064 451 1127 l.
472 1079 503 1126 et
523 1063 664 1127 Eimsleii
688 1065 736 1143 (in
758 1061 953 1148 Quarum.
974 1062 1028 1140 14,
1048 1087 1081 1150 p.
1093 1061 1171 1142 469)

249 1175 442 1236 coniecturae
464 1157 677 1250 πεπύσμεθ’,
705 1171 813 1248 omissa
835 1169 1053 1253 particulare.
1094 1167 1172 1233 Vul-

249 1294 350 1364 gatsm
376 1275 581 1359 praetulerunt
613 1296 685 1339 cum
712 1271 910 1338 Marklandio
929 1274 1116 1340 Matthiaeus
1140 1290 1172 1338 et

240 1384 384 1448 Bothus.
405 1412 449 1430 ·-·
475 1377 567 1444 xlv.
585 1381 711 1446 Hesaol.
732 1378 796 1446 689
818 1373 898 1445 ἀλλ’
921 1365 989 1446 οὖν
1016 1375 1171 1466 μαχοῦμ’

248 1468 413 1572 ἀρθμὸν
435 1479 503 1550 οὐκ
523 1475 695 1565 ἕλᾶσσοσι.
716 1484 819 1570 Quam
833 1490 976 1554 oodioum
998 1503 1087 1572 atque
1107 1489 1173 1551 edi·

248 1599 365 1660 tionum
385 1581 610 1658 lectionem'in
636 1591 826 1673 μαχοῦμαι
845 1594 882 1674 γ’
899 1611 1095 1658 mutaverunt
1114 1595 1172 1657 Er-

248 1702 377 1767 furdtius
390 1714 428 1762 et
446 1697 637 1771 Elmsleius,'
649 1713 710 1761 tam
732 1715 855 1782 propter
875 1700 1093 1785 diphthongum
1116 1700 1171 1763 eli-

248 1831 329 1884 sam,
351 1827 441 1890 quam
462 1804 604 1868 omissam
625 1804 804 1886 particulam
823 1823 878 1888 γε,
899 1827 976 1890 quae
989 1806 1172 1890 plerumque

243 1928 316 1999 post
337 1901 419 1974 ἀλλ’
442 1891 511 1973 οὖν
534 1908 606 1973 addi
626 1909 728 1974 soleas
760 1907 845 1995 Quas
863 1931 981 1976 caussas
1001 1910 1171 1976 Matthiseo

150 2065 155 2082 .
248 2035 279 2084 et
299 2017 407 2086 Bothio
427 2016 465 2080 ad
487 2014 590 2077 locum
617 2014 683 2077 sine
704 2012 851 2099 librorum
872 2016 1045 2080 auctoritate
1066 2039 1171 2085 emen-

246 2126 382 2188 dandum
400 2121 544 2184 'sufficere
561 2119 661 2183 sideri
682 2119 862 2184 mirandum
873 2136 928 2184 est.
942 2153 980 2168 ·-·
1003 2121 1074 2185 XV.
1089 2123 1172 2190 Ibid.

180 2225 184 2236 “
247 2229 344 2294 1004.
394 2222 707 2304 Τοιαῦταδρώντι
727 2217 830 2306 τάμὰ
848 2225 987 2310 γίγνετ’,
1009 2218 1170 2312 ἀσφαλῆ.

248 2334 431 2400 Emendavit
451 2330 651 2415 Musgravius
667 2319 755 2412 τᾶμ’
775 2328 929 2414 ἐγίγνετ’
950 2326 1109 2418 ἀσφαλῆ.
1131 2336 1170 2400 Id

122 2509 128 2519 p
249 2441 331 2526 quod
355 2437 392 2503 ab
421 2437 576 2502 Erfurdtio
605 2433 833 2521 comprohatum
854 2458 1036 2524 receperunt
1055 2441 1169 2508 Matth.

248 2547 359 2610 Elmsl.
380 2561 410 2609 et
429 2547 517 2612 Both.
540 2568 601 2609 non
622 2545 725 2629 inepte
745 2545 880 2631 quidem,
901 2545 955 2612 sed
976 2565 1095 2634 praeter
1114 2571 1168 2614 ue·

143 2675 146 2681 ·
247 2653 427 2724 cessitatem.
448 2689 487 2702 -
509 2651 641 2740 Reliqua
665 2653 820 2740 exempla,
841 2676 918 2737 quae
934 2653 1077 2741 leguntur
1087 2656 1169 2740 apud

246 2758 439 2825 Erfurdtium
458 2759 481 2822 l.
501 2759 540 2832 1.,
561 2780 604 2820 ex
619 2757 775 2841 Euripidis
795 2761 970 2846 fragmentis
981 2762 1170 2846 deprompta,
1189 2795 1205 2811 ·

246 2881 280 2928 ut
292 2866 381 2928 nimis
392 2865 505 2928 incerta
519 2880 549 2927 et
562 2865 738 2948 depravata,
757 2867 808 2928 hio
818 2867 953 2930 inserere
967 2867 1171 2958 uolumus.-

248 2971 283 3040 si
310 2971 470 3056 quiscum
500 2968 693 3032 Blomiieldio
719 2970 757 3042 ud
784 2971 866 3042 Euro
890 2973 990 3060 Iphig.
1011 2971 1087 3064 Aul.
1104 2968 1171 3036 407

248 3081 338 3159 (post
352 3073 484 3141 Markl.'
496 3075 596 3160 Iphig;
619 3076 667 3138 ed.
689 3075 771 3160 Lips.
791 3100 822 3160 p.
843 3077 922 3160 239)
950 3080 1171 3164 diphthongum

247 3202 285 3242 m
306 3201 378 3243 eum
406 3202 432 3242 α
452 3200 597 3266 sequente
632 3183 731 3246 orasin
761 3183 886 3246 efficere
918 3185 1033 3258 credit,
1075 3184 1116 3246 ita
1136 3197 1171 3246 ut

246 3275 442 3366 βούλσμαι,
464 3279 546 3374 ἀλλ’
560 3320 597 3334 -
613 3285 776 3368 γίγνεται
796 3282 947 3373 ἀσφαλῆ
969 3290 1171 3372 pronuncien-

246 3406 312 3467 tur,
346 3393 430 3477 qussi
458 3392 569 3482 scripta
593 3396 667 3467 sint,
709 3393 963 3476 flovhopaihh’,
991 3391 1170 3476 γιγνεταί-

240 3496 384 3584 opum,
405 3498 481 3562 nihii
494 3499 639 3586 equidem
652 3500 828 3582 impediam,
850 3501 1171 3586 quamquamoraaium

245 3621 307 3670 tam
336 3603 520 3670 molturam
548 3625 618 3668 usus
651 3627 670 3669 a
696 3604 851 3694 veteribus
878 3607 1082 3694 grammaticis
1107 3626 1170 3668 non

245 3710 454 3788 confirmator,
492 3724 524 3773 et
550 3725 682 3776 monstra
707 3711 776 3776 talia
802 3713 933 3800 legentis
951 3713 1056 3780 ooolos
1075 3711 1170 3778 offen·

246 3816 331 3879 dunt.
351 3816 462 3901 Neque
481 3816 580 3889 enim,
604 3815 778 3902 ubieunque
799 3821 925 3884 usundi
946 3817 1088 3886 vocabuli
1107 3816 1170 3906 syl·

246 3919 315 3987 isba
335 3921 433 4005 poima
451 3943 509 4008 per
527 3941 562 3987 se
582 3919 674 4009 ionga
694 3939 757 4002 est,
778 3925 941 4012 orasiopus
958 3946 1026 3996 este
1039 3921 1171 3998 videtur,
