2726 4652
493 461 741 536 *81*

157 654 223 718 sive
258 641 370 720 driade
403 653 494 736 poni,
524 649 577 715 ubi
602 652 809 740 praedicatum
832 653 886 729 sit,
918 631 1083 715 eundem

157 759 329 843 aliquem
350 778 436 833 esse,
468 755 512 820 ibi
533 771 617 820 recte
638 747 748 827 uulsis
768 751 833 822 sine
853 758 979 822 articulo
1001 780 1085 821 usur·
1142 751 1144 756 ’

158 865 272 948 pari‚“
314 878 398 928 recte
437 864 527 928 mitt*
549 863 671 928 videtur
705 866 859 927 censuisse
897 863 1084 928 Matthiaeus

158 972 191 1032 in
218 993 264 1057 gr.
286 993 333 1056 gr.
361 992 392 1054 p.
414 967 496 1044 2733
537 984 622 1033 certe
652 985 828 1055 argumenta
858 972 946 1047 eius,
976 969 1085 1056 quibus
1141 1029 1143 1036 .

158 1092 262 1140 contra
289 1075 504 1138 Hermannum
529 1090 661 1160 pugnat,
691 1075 865 1160 dignissima
891 1091 976 1149 sunt,
1006 1097 1084 1160 quae
1121 1083 1123 1090 ⁴

130 1167 135 1178 ¹
159 1182 326 1246 accuratius
347 1181 583 1271 perpendantur.
630 1182 730 1264 Saepe
754 1170 865 1250 ἁύτὸς
889 1180 1086 1245 scribendum

160 1303 222 1364 est,
239 1287 322 1351 *licet
345 1288 511 1374 praedicati
544 1281 648 1350 locum
675 1287 822 1364 obtineat,
849 1303 882 1350 ut
909 1284 990 1351 Oed.
1011 1290 1085 1375 Tyr.

160 1391 233 1457 557.
275 1392 351 1456 Eur.
378 1391 495 1454 Phoen.
520 1389 600 1468 9273
644 1395 685 1458 ci.
706 1393 821 1458 Eleon.
846 1389 911 1456 376
938 1407 970 1456 et
996 1389 1085 1456 Both.

160 1501 197 1562 ad
216 1499 294 1583 Eur.
316 1495 425 1581 Suppl.
447 1496 530 1560 853„
562 1496 715 1572 Accedit,
732 1499 814 1584 quod
834 1519 918 1563 nuno
938 1491 1012 1562 iam‘
1021 1476 1087 1558 cer·v

160 1607 274 1668 tissime
295 1604 389 1682 orasis
410 1591 540 1679 sitiatis,
582 1625 645 1666 non
666 1604 765 1670 solum
786 1594 901 1674 uitiatis
920 1607 953 1668 in
973 1605 1088 1668 codici·

160 1710 215 1775 bus
236 1710 327 1774 etiam
348 1706 458 1793 MSS„
471 1709 582 1792 passim
610 1712 775 1795 repetitum
803 1733 836 1776 v.
856 1707 991 1774 Bekkeri
1011 1710 1089 1775 Ani·

138 1811 310 1880 'madvem
331 1814 370 1878 ad
388 1811 550 1878 Demosth·
570 1837 600 1899 ρ,
615 1816 675 1891 11,
695 1832 755 1880 not.
776 1839 809 1890 e;
830 1839 861 1901 p.
873 1813 953 1890 299,
973 1830 1034 1876 not.
1050 1813 1088 1888 ba

160 1923 198 1985 ad
218 1920 336 1984 Platon.
358 1919 393 1997 Ι,
415 1920 452 1996 1,
480 1941 513 2004 p.
534 1919 595 1997 52,
623 1923 653 1985 1.
682 1936 689 1970 2
697 1921 818 2007 Quibus
838 1922 1016 1987 testimoniis
1038 1921 1088 1982 ad-

160 2028 260 2089 denda
284 2040 368 2101 sunt,
399 2047 477 2110 quae
500 2015 642 2089 Bromius
663 2029 720 2089 hac
743 2027 783 2088 de
804 2051 838 2088 re
857 2027 1036 2089 memoravit
1056 2026 1089 2086 in

162 2129 300 2196 Censura
321 2131 472 2215 quadam,
495 2153 574 2215 quae
586 2147 718 2220 ¹recepta
740 2147 784 2194 est
803 2134 837 2194 in
857 2131 953 2196 Jahnii
973 2129 1088 2193 Annal.

160 2237 272 2302 Philol.
284 2235 380 2312 1829,
402 2251 475 2302 tom.
488 2237 515 2310 Ι,
536 2257 567 2320 p.
579 2234 651 2299 1712
694 2235 898 2300 scribendum
918 2257 985 2299 esse
1005 2237 1089 2297 enitn

162 2331 284 2424 ἅνήρ,
306 2331 487 2428 δ’δελφὸς,
509 2334 734 2428 d’rbpumos,
760 2343 887 2417 similia,
914 2341 1098 2426 ubicunque·

162 2451 202 2514 de
230 2450 322 2514 certis
351 2447 531 2542 quibusdam
567 2451 702 2532 personis
731 2451 862 2534 agatur‚-
885 2451 946 2512 iam
974 2437 1090 2534 negare

161 2577 224 2618 non
250 2555 355 2629 audet,
384 2543 553 2618 commotus
576 2553 722 2620 videlieet
750 2556 940 2637 optimorum:
960 2575 1091 2638 quorun·

162 2662 234 2725 dam
265 2674 299 2723 et
331 2659 599 2725 vetustissimorum
635 2661 778 2724 codicum
810 2660 1000 2732 auctoritate,
1038 2659 1091 2743 qui

161 2767 275 2851 passim
295 2764 456 2830 exhibeant
473 2767 654 2850 spiritum
676 2788 867 2851 asperum.
902 2763 996 2850 Quod
1018 2785 1091 2826 vero
1190 2789 1193 2812 t

162 2873 201 2937 ad
226 2886 318 2936 totam
343 2874 423 2935 hano
447 2872 655 2956 quaestionem
681 2874 803 2948 attinet,
834 2873 896 2935 iam
929 2867 1092 2930 lectoribus

161 2977 268 3062 aequis
302 2975 531 3042 examinandam
568 2991 757 3060 proponere·
780 2973 873 3040 liceat
914 2973 1093 3037 sententiam

94 3103 99 3116 ¹
162 3097 306 3146 nostram.
349 3080 510 3169 Quamvis·
531 3083 615 3146 enim
642 3096 725 3144 certa
751 3081 899 3165 quaedam
923 3096 959 3142 ,et
980 3077 1094 3141 stabilis

163 3188 375 3273 orthographia
407 3187 442 3250 in
476 3187 537 3250 illis
565 3186 699 3252 suasibus
731 3179 899 3250 scribendis
925 3184 1096 3257 necessaria

163 3295 219 3370 ait,
247 3308 351 3356 tamen
370 3314 413 3354 ne
440 3293 522 3376 ipsos
549 3293 674 3378 quidem
694 3287 812 3357 Atticos
834 3313 959 3379 semper
979 3305 1011 3352 et
1031 3287 1097 3353 ubi·
1178 3375 1182 3384 .

163 3420 226 3482 que
261 3397 393 3461 eandem
431 3397 578 3460 rationem
608 3413 749 3484 sequutus
785 3398 879 3461 fuisse
915 3394 1096 3459 censuerim.
1192 3383 1197 3398 '

165 3503 290 3566 Etenim
317 3503 431 3566 litteras
452 3521 478 3564 a
502 3517 534 3566 et
555 3522 575 3566 ο
596 3504 663 3567 sive
684 3523 715 3565 ω
735 3502 856 3568 coalitus
878 3501 1013 3592 sonuisse
1034 3517 1098 3559 me·

165 3609 252 3672 dium
273 3609 437 3693 quoddam,
459 3621 549 3670 etex
568 3624 695 3693 utraque
716 3607 801 3693 quasi
822 3603 1035 3689 compositum,
1056 3601 1100 3662 uti
1178 3591 1181 3597 ¹
1288 3681 1293 3690 s

165 3729 308 3779 nostrates
328 3716 396 3778 iere
416 3713 510 3778 Sueci
532 3703 569 3791 ἓ,
599 3713 737 3778 Helvetii
763 3735 798 3786 a,
825 3726 856 3772 et
877 3722 983 3796 gentes
1003 3705 1101 3769 Slavi·
1177 3719 1179 3724 '

118 3849 121 3863 ¹
166 3839 222 3882 cae
243 3820 344 3906 stirpis
363 3842 382 3881 o
399 3822 617 3906 pronunciant,
647 3841 687 3884 ex
716 3819 813 3903 ipsius
832 3817 879 3880 rei
899 3813 1003 3878 natura
1022 3811 1103 3876 haud

168 3923 274 4010 inepte
300 3923 465 4012 colligitur.
508 3926 550 3992 V.
578 3947 657 4013 quae
688 3944 780 4008 supra
805 3921 958 3987 attulimus
989 3939 1022 4005 p.
1049 3915 1103 3981 51.

822 4026 865 4090 11
