2726 4652
495 447 768 522 ..103...
901 489 956 566 ¹.

196 681 263 752 De
291 679 437 778 epicis
467 671 1077 785 quibusdanffragicorum

402 809 419 827 ⁰
543 823 719 896 formis.

214 1046 441 1113 Vocabulorum
462 1039 605 1137 quasdam
625 1053 748 1130 formas,
770 1053 859 1138 epico
880 1053 1013 1142 sermoni
1033 1074 1102 1137 pro·

32 1188 34 1194 ,
170 1155 269 1238 prias‚
292 1153 349 1217 sibi
371 1157 572 1221 vindicavisae
594 1159 738 1244 tragicos,
764 1160 902 1222 nuncin
922 1160 1102 1222 universum

169 1261 295 1344 quidem
316 1261 397 1344 apud
415 1283 521 1327 omnes
540 1279 670 1339 constat3
699 1263 754 1328 sed
773 1265 851 1341 fines
872 1264 940 1330 ralis
957 1266 1102 1331 licentiae

50 1406 52 1420 ι
170 1379 312 1430 accurare
341 1370 535 1447 constituere,
563 1370 766 1456 idoneamque
800 1365 949 1434 radonem
977 1371 1102 1438 inresti-
1241 1422 1244 1434 .

169 1493 261 1556 gare,
284 1495 375 1558 quam
394 1475 514 1560 sequuti
533 1476 642 1540 ionicis
663 1459 770 1541 fonnis
789 1476 901 1560 passim
923 1475 967 1538 nti
986 1477 1115 1540 malue'
1215 1467 1219 1473 ’

168 1580 250 1654 rint,
287 1602 379 1663 quam
406 1579 637 1658 communibus,
670 1603 749 1666 quae
775 1579 929 1667 periaepe,
954 1597 989 1645 et
1016 1584 1103 1670 ipsae
1131 1645 1134 1650 .

168 1685 236 1746 sine
256 1703 366 1770 magna
380 1683 559 1750 difficultate
573 1703 669 1752 m'etro
686 1687 912 1752 accommodari
924 1688 1102 1773 potuissent,

167 1809 204 1852 ea
245 1789 371 1875 quidem
403 1792 538 1875 quaestio
573 1793 715 1860 nondum
752 1808 799 1857 est
831 1794 902 1859 satia
938 1793 1103 1876 explorata.

51 1921 52 1926 ¹
167 1893 364 1977 Usurpabanr
393 1897 542 1980 nimirum
579 1889 709 1979 μόνος,
749 1895 906 1980 μοῦνος,
945 1889 1102 1982 γόνατα,
1168 1951 1172 1958 .

165 1989 355 2084 γούνατα,
380 2022 412 2066 r.
434 2001 601 2068 Elms1.ad
622 2005 698 2068 Eur.
718 2001 813 2068 Med.
833 2027 870 2092 p..
889 2001 953 2068 136
979 2017 1010 2068 et
1029 2004 1104 2068 Por·

166 2129 236 2170 son.
263 2108 302 2171 ad
328 2105 405 2171 Eur.
431 2105 547 2171 Phoen.
563 2107 653 2185 ‘8663
694 2097 804 2188 κόρος
826 2121 858 2171 et
889 2107 1043 2189 κοῦρος,
1068 2117 1102 2176 v.

82 2218 84 2224 ’
165 2213 295 2278 Porsen.
318 2213 413 2296 praef.
433 2212 472 2276 ad
492 2213 568 2277 Eur.
590 2214 670 2278 Hec·
699 2235 730 2297 P·
752 2210 812 2289 14,
843 2229 876 2276 et
901 2216 942 2278 ci.
964 2213 1102 2282 Lobeck.

167 2322 205 2384 ad
226 2319 342 2408 Phryn.
362 2340 394 2401 p.
415 2316 498 2394 2563
529 2317 613 2399 copi
634 2325 669 2382 et'
687 2316 815 2398 δουρί,
836 2304 1012 2384 ν.Ῥοι·εοο.
1034 2321 1057 2385 1.
1077 2321 1103 2385 1.

166 2441 200 2488 er
221 2424 403 2488 Schneider.
425 2445 457 2508 p.
480 2423 539 2502 213
580 2415 700 2507 ὄνομα
705 2471 717 2503 ,
739 2413 901 2507 οὕνομα,
928 2447 961 2490 v.
981 2423 1102 2491 Markl.

167 2532 205 2594 ad
226 2530 305 2593 Eur.
328 2521 397 2613 lph.'
417 2533 508 2594 Taur.
530 2528 583 2605 36,
604 2531 762 2594 Schaefer.
782 2547 814 2595 et
834 2533 1043 2597 Matthiaenm
1063 2534 1103 2598 ad

169 2637 266 2721 Soph.
279 2635 359 2699 Phil.
373 2633 448 2710 251,
469 2638 577 2718 ¹frustra
598 2651 786 2723 repugnante
805 2635 956 2701 Elmsleio
976 2639 1103 2703 ad·Eur.

166 2741 283 2808 Bacch.
305 2741 386 2820 3203
408 2731 522 2820 denir,
545 2733 674 2819 αἰετός,
695 2765 726 2807 r.
742 2743 912 2808 Wellauer.
932 2745 971 2810 ad
985 2743 1104 2809 Aeach.

166 2848 253 2913 Pers·
274 2847 339 2914 201
365 2864 397 2911 et
418 2850 458 2914 ad
478 2849 581 2912 Proin.
603 2845 704 2922 1024,
726 2835 827 2926 κάοο,
848 2847 964 2926 mic),
985 2837 1103 2927 undar,

167 2951 299 3031 κλαίω,
320 2942 422 3031 ἐλάα,
443 2947 566 3031 ἐλαία,
593 2975 625 3018 v.
646 2951 759 3032 Marrh.
781 2975 827 3040 gr.
848 2975 896 3040 gr.
918 2957 945 3032 §.
965 2953 1009 3017 12
1029 2974 1103 3018 cum
1266 3035 1268 3040 Ι

166 3060 273 3136 Add.;
302 3057 426 3137 ξένος,
453 3057 590 3135 ξεῖνος,
612 3081 642 3123 v.
658 3056 809 3153 Valcken.
831 3060 869 3123 ad
884 3057 962 3122 Eur.
984 3057 1102 3128 Phoeu.
1180 3103 1182 3106 -

166 3165 252 3244 285,
280 3166 389 3230 Herm.
411 3158 450 3229 ad‘
470 3158 565 3249 suph.
588 3161 670 3230 Oed.
692 3161 761 3227 Col.
786 3161 867 3239 952,
888 3165 1047 3228 Schaefer.
1069 3167 1104 3228 in

167 3272 238 3337 Ind.
260 3273 298 3336 ad
320 3272 405 3336 Pors.
424 3271 548 3335 Hecub.
569 3295 594 3338 s.
615 3293 647 3336 v.
669 3269 807 3344 ξεῖνοςς
831 3285 862 3332 et
890 3270 1042 3334 Wunder.
1064 3271 1105 3335 ad

114 3408 119 3414 ·
167 3379 266 3469 Soph.
288 3371 369 3443 Oed.
389 3374 458 3442 Col.
480 3375 562 3455 9253
583 3372 723 3455 ἕλίσσοο,
745 3373 902 3454 cirinen,
924 3399 957 3443 v.
975 3377 1109 3441 Porsen.

165 3487 205 3550 ad
227 3485 303 3550 Eur.
330 3485 445 3548 Phocn.
474 3483 513 3560 ὃς
554 3483 660 3548 Herm.
691 3483 730 3547 ad
751 3483 827 3548 Eur.
856 3483 925 3548 Ion.
951 3481 1047 3556 4001
1070 3485 1104 3544 in

166 3593 292 3674 praefat.
317 3591 356 3655 ad
378 3591 473 3678 Soph.
494 3589 548 3655 Ai.
575 3615 608 3680 p.
630 3591 672 3653 18
693 3611 739 3676 sq.
802 3587 917 3672 Parunr
937 3573 1104 3673 probabilia⁴

142 3713 214 3769 „est
230 3697 383 3772 Elmsleii,
405 3719 498 3782 quern
518 3719 550 3762 v.
571 3697 610 3761 ad
630 3697 704 3760 Eur.
725 3694 820 3759 Med.
839 3696 892 3770 88,
913 3695 1104 3780 aliorumque

165 3805 326 3877 sententia,
349 3804 477 3890 tragicos
497 3825 559 3868 non
578 3803 637 3868 nisi
651 3816 749 3865 metro
763 3816 883 3864 coactos
902 3801 1017 3865 ionicas
1034 3800 1105 3866 illas
1165 3859 1167 3864 .

134 3909 281 3977 normas
301 3909 335 3974 in
353 3909 499 3977 auxilinm
518 3908 695 3986 νοοονίιοο,
719 3906 907 4007 praesertin,
920 3929 1015 3994 quum
1037 3907 1104 3992 plu·
1150 3902 1155 3907 ’
1235 3969 1240 3979 „
1330 3903 1331 3910 '
