2726 4652
559 459 610 472 ...
659 381 781 488 34'..

224 617 370 693 redditur,
390 617 472 702 quod
492 615 568 680 fines
584 616 689 691 orasis,
710 613 844 679 elisiouis
865 629 954 697 atque
975 582 1151 706 contractio,-

156 785 158 790 .
224 726 288 796 nis,
309 721 418 807 quibus
440 702 508 804 apte
530 721 655 787 secretis
673 721 899 805 'constitutisque
920 720 1019 784 omnis
1039 719 1153 781 tollitur
1230 711 1233 718 ’

225 827 379 900 dubitatio,
400 821 749 910 praeter'uacessitatern
769 823 993 890 conturbantur.
1022 819 1071 892 Cf.
1092 823 1153 886 Ex·
1177 865 1180 878 ·

225 947 324 1020 oerpt.
352 955 370 997 e
398 929 475 996 Cod.
499 931 590 995 Paris.
626 947 692 1014 post
720 925 851 1016 Gregor.
880 926 952 993 Cor.
984 953 1016 1014 p.
1038 928 1102 994 678
1122 944 1152 992 et

191 1039 207 1076 '¹
225 1035 300 1112 679,
322 1039 372 1100 ed.
394 1037 551 1101 Schaeier.
594 1035 728 1100 Dracon.
743 1033 877 1101 'Straton
896 1056 927 1120 p.
942 1035 1026 1111 1573
1049 1035 1151 1123 Etym.

225 1139 280 1206 M.
309 1164 340 1226 p.
369 1139 453 1220 412,
486 1140 547 1217 473
575 1140 688 1205 Buttm.
710 1165 755 1228 gr.
777 1165 823 1228 gr.
845 1144 938 1230 ampl.
960 1143 996 1216 1,
1022 1162 1052 1224 p.
1074 1139 1152 1208 stat

141 1249 149 1264 ⁰
226 1245 340 1312 Muttu
368 1272 415 1335 gr.
437 1272 483 1336 gr.
505 1252 531 1327 §.
561 1246 623 1324 42,
649 1263 711 1312 not.
732 1249 890 1312 Thiersch.
915 1271 960 1334 gr.
982 1270 1028 1333 gr.
1052 1250 1078 1323 §.
1100 1245 1153 1310 38.

228 1349 351 1437 Quibus
373 1353 596 1439 quaestionibus
623 1355 786 1418 commode
806 1353 915 1418 subiici
935 1368 1060 1436 possunt
1079 1374 1153 1414 nou-

227 1458 315 1550 nulla
329 1459 370 1522 de
390 1459 589 1547 Tragicorurn
610 1461 765 1546 augmenti
785 1453 941 1523 omittundi
956 1459 1099 1534 licentia,
1121 1473 1154 1520 ut

228 1587 320 1648 quarn
337 1565 465 1630 elisione
489 1581 538 1629 aut
558 1567 636 1629 crasi
657 1564 787 1628 adhibito
807 1587 952 1631 excusare
975 1569 1021 1643 (v.
1036 1561 1153 1648 Reisig.

179 1699 181 1705 ·
229 1665 415 1761 Commeutt.
436 1671 469 1732 in
483 1667 574 1752 “Oed.
596 1667 665 1732 Col.
688 1667 815 1748 1488,)
846 1672 969 1756 quidam
991 1671 1049 1734 viri
1073 1669 1154 1730 docti

140 1831 144 1839 .
228 1773 401 1838 voluerunt.
449 1773 482 1839 A
515 1775 670 1860 plerisque
705 1796 789 1838 nunc
815 1777 945 1860 quidem
978 1775 1155 1840 conceditur

227 1881 382 1968 augmenti
391 1881 523 1955 omissio,
538 1882 593 1952 sed
607 1883 696 1945 variis
712 1902 750 1942 ex
763 1881 875 1944 caussis
891 1879 979 1966 atrine
994 1880 1155 1945 rationibus
1233 1919 1236 1924 ·
1351 1927 1352 1936 η

227 1986 391 2052 derivatur.
420 1985 460 2050 V.
473 1987 623 2069 iruprirnis
643 1986 753 2050 Herm.
773 1987 868 2070 praei.
894 1989 1016 2051 adEui.
1030 1975 1155 2058 Bacch..

192 2161 196 2167 ,
228 2090 283 2155 ubi
318 2112 356 2156 ea
391 2093 609 2177 copiosissimo¹
634 2107 724 2176 atque
763 2093 936 2156 acutissime
974 2093 1155 2168 defenditur.

226 2198 378 2283 Exempla
398 2197 545 2262 nonnulla
564 2197 742 2284 diligentius
765 2200 960 2284 perpendere
979 2200 1059 2262 haud
1084 2198 1156 2262 alie·

227 2327 302 2367 num
323 2307 391 2367 erit.
421 2302 558 2367 Primum
579 2306 704 2389 quidem
724 2303 776 2368 illa
797 2303 998 2380 absolvamus,
1019 2326 1098 2387 quae
1118 2325 1157 2370 ex

94 2453 98 2462 ·
227 2409 366 2473 omniurn
392 2411 459 2473 iere
483 2411 681 2494 interpretum
708 2430 857 2474 consensu
886 2409 1086 2499 corruptionis
1112 2410 1157 2470 iu·
1283 2435 1288 2451 =

227 2517 308 2578 dicia
328 2536 401 2599 prae
420 2537 453 2577 se
473 2517 584 2591 ferunt,
607 2531 640 2576 ut
653 2517 769 2578 Aesch.
788 2515 870 2578 Pers.
883 2506 964 2590 304}
984 2504 1156 2605 Ἀρκτεὺς,

154 2617 158 2630 '
227 2609 367 2702 Ἀδεύης
378 2617 441 2683 καὶ
461 2616 678 2700 Φερεσσέυης
690 2618 821 2699 τρίτος,
840 2619 1059 2703 Φαρνοῦχος,
1081 2619 1157 2686 οἵδε

227 2716 316 2794 ναὸς
336 2721 375 2789 ἐκ
396 2722 480 2807 μιᾶς
499 2721 643 2788 πέσον.
687 2725 752 2809 Qui
775 2749 880 2794 versus
899 2750 955 2812 pro
976 2730 1158 2791 anteceden-

227 2830 325 2906 tibus,
345 2833 378 2894 in
401 2829 511 2916 quibus
532 2831 646 2894 ducum
670 2843 781 2895 mortes
801 2833 959 2915 ‘praeclare
980 2833 1157 2898 describun-

227 2954 293 3013 tur,
326 2937 416 3001 valde
443 2935 623 3024 languidus,
655 2960 673 2999 e
701 2936 869 3024 glossatoris
897 2939 978 3004 docti
1000 2941 1156 3004 cuiusdam

227 3043 346 3107 calamo
366 3058 448 3108 ortus
475 3065 541 3107 esse
561 3044 698 3130 vitiatur,
727 3066 823 3127 quum
850 3049 1027 3128 praesertim
1056 3044 1157 3130 neque

227 3169 349 3231 perse,
371 3163 455 3225 recte
475 3163 620 3212 monente
641 3147 829 3224 Wellauero,
861 3151 1024 3214 ferendum
1044 3152 1081 3214 sit
1105 3173 1157 3212 no·
1220 3207 1222 3211 .

227 3274 301 3316 meu
324 3254 480 3335 proprium
500 3252 730 3333 Φαρνοῦχος,
758 3256 825 3318 siue
847 3258 957 3341 copula
977 3257 1087 3320 ceteris
1107 3256 1157 3319 ad·

228 3357 325 3420 ditum
332 3400 342 3430 ,
371 3379 472 3442 neque
495 3359 619 3421 omnino
639 3359 710 3422 addi
731 3362 861 3444 potuerit
882 3376 1005 3446 propter
1021 3362 1074 3424 illa
1094 3357 1157 3424 nai

233 3459 453 3542 Φερεσσέυης
463 3458 595 3541 τρίτος,
617 3480 683 3527 ute
703 3464 812 3550 quibus
831 3469 954 3532 nomina
976 3468 1077 3529 omnia
1097 3469 1159 3530 ium

227 3573 296 3632 csse
324 3583 499 3632 enumerata
526 3587 676 3654 appareat.
726 3571 764 3636 In
784 3575 964 3638 memoriam
983 3573 1059 3636 mihi
1081 3573 1159 3634 redit

227 3673 317 3768 locus¹
339 3673 530 3762 Sophocleus
561 3677 736 3742 simillimus
765 3677 799 3741 in
820 3676 903 3744 Oed.
924 3674 994 3750 Col.
1010 3675 1043 3741 7.
1085 3677 1159 3740 Por·

228 3779 311 3844 sonis
340 3780 548 3845 coniecturam
582 3779 659 3846 οἵδε
691 3773 780 3852 ναὸς
808 3778 936 3850 ἔπεσον
958 3779 998 3846 ἐκ
1022 3781 1106 3864 parit
1127 3795 1160 3844 ut

228 3885 310 3984 malo
324 3901 479 3952 sonantem
498 3890 669 3972 repudiarit
684 3889 792 3956 Herm.
814 3891 847 3956 iu
868 3892 963 3976 praei.
984 3889 1032 3958 ad.
1045 3888 1173 3992 Baccit..
