2726 4652
591 448 864 529 ..125-

263 632 435 707 ιύιιιαίου
454 633 681 726 πράγματος,
702 641 734 706 id
749 641 873 727 quidem
888 655 1006 728 poetrm
1027 645 1191 729 prohibere

262 770 323 812 non
335 764 464 832 poterut.
485 751 662 836 quominus
681 771 720 813 ea
741 764 883 824 uteretur,
904 751 999 812 immo
1020 772 1095 814 vero
1115 775 1190 816 eum

261 874 459 918 commovere
483 855 636 920 debuisset
663 856 700 919 ad
722 875 790 916 eam
809 853 1018 921 adhibendam.
1062 857 1140 918 Nam
1162 858 1188 918 si

262 959 330 1044 quit
357 960 521 1026 exclamat:
555 976 585 1024 at
610 976 640 1024 te
666 957 722 1023 Dii
748 956 897 1044 Deaeque
924 959 1005 1022 mule
1030 963 1189 1042 perduint!

260 1065 287 1131 is
306 1066 444 1147 proiecto
470 1081 564 1150 optat,
597 1081 702 1131 votum
732 1052 859 1146 τάχιον
894 1053 1119 1144 ἀνυσθῆναι,
1157 1083 1189 1130 at

260 1171 356 1232 nihilo
369 1172 467 1234 minus
484 1172 584 1244 etiam,
604 1185 637 1233 ut
658 1185 795 1235 votorum
807 1186 910 1234 natura
926 1173 992 1242 fert,
1014 1160 1189 1260 ἀόριστον

260 1267 415 1361 ἔχειτὸν
433 1265 573 1356 καιρόν.
616 1273 667 1342 Cf.
687 1276 802 1342 Aesch.
824 1276 935 1366 Suppl.
957 1275 1021 1340 645
1041 1267 1187 1359 μήποτε

259 1375 384 1466 λοιμὸς
424 1375 572 1463 ἀνδρῶν
616 1382 735 1446 τοῖνδε
769 1371 876 1446 πόλιν
913 1372 1087 1461 κενώσαι,
1132 1383 1185 1447 ubi

260 1505 384 1578 propter
415 1490 623 1572 antistropltica
655 1509 852 1552 communem
880 1489 1008 1554 formant
1041 1511 1187 1573 usurpare

259 1596 382 1673 debuit,
412 1616 474 1656 non
500 1594 586 1667 ideo,
623 1607 655 1656 ut
686 1594 837 1674 incertum
868 1595 960 1678 pertis
995 1609 1115 1678 tempus
1149 1617 1188 1659 eu

259 1701 486 1787 significaretur.
535 1698 623 1761 Idem
657 1699 724 1762 fere
756 1700 818 1764 dici
851 1713 947 1784 potest
974 1698 1014 1764 de
1041 1721 1072 1762 v.
1101 1700 1187 1765 1038

260 1800 281 1870 ὁ
308 1803 420 1890 μέγας
444 1794 530 1872 Ζεὺς
563 1794 743 1870 ἀπαλέξαι
772 1794 898 1887 γάμον
929 1802 1184 1886 Αἰγυπτογενῆ

259 1933 330 1997 μοι.
392 1909 442 1976 Cf.
477 1912 552 1974 Eur.
579 1910 687 1994 Suppl.
717 1908 782 1976 854
810 1898 857 1974 tui
891 1929 973 1992 μοι,
1015 1899 1111 1974 κατά
1138 1930 1186 1992 γε

188 2017 189 2026 ’
258 2018 369 2084 πέδον
384 2017 454 2101 γᾰς
468 2012 553 2094 ἕλοι,
575 2005 638 2080 8ιᾶ
659 2013 697 2078 δὲ
715 2004 857 2080 θύελλα
875 2004 1019 2079 σπάσαι.
1059 2017 1188 2081 Scilicet

258 2149 298 2189 ex
324 2122 469 2188 Emurhii
502 2122 610 2209 regulo
643 2122 780 2185 iudicare
810 2121 975 2196 debemus,
1009 2120 1184 2197 Adrastum,

258 2231 311 2317 qui
333 2231 395 2294 ittis
422 2226 523 2295 verbis
553 2249 587 2290 se
612 2228 759 2302 devovet,
787 2247 902 2312 cupere
931 2227 1054 2312 quidem
1082 2228 1185 2290 interi·

258 2351 342 2410 tum,
369 2334 427 2398 sed
451 2333 616 2420 subtimere
642 2347 758 2409 temen,
785 2355 827 2398 ne
854 2333 942 2398 citius
962 2331 1125 2414 abripiatur
1145 2334 1184 2397 ad

257 2443 331 2504 deos
362 2441 484 2504 inferos.
526 2439 637 2524 Neque
663 2439 747 2502 enim
775 2439 866 2502 audet
892 2440 988 2501 forma
1018 2439 1106 2502 attica
1128 2436 1185 2513 uti,

256 2567 298 2607 ne
318 2561 386 2608 rota
414 2560 475 2608 rata
502 2543 574 2606 fiant
596 2557 682 2618 ante,
709 2565 800 2628 quatu
817 2545 883 2628 ipse
909 2545 1019 2628 cupiat.
1063 2545 1126 2608 Sed
1150 2546 1185 2607 in

256 2649 425 2714 refellenda
471 2648 594 2731 regula;
640 2669 719 2733 quae
752 2650 836 2712 omni
866 2663 950 2714 certo
987 2650 1184 2714 fundamento

256 2754 393 2821 destituta
419 2767 481 2829 eet,
514 2753 625 2816 diutius
651 2754 806 2816 immorari
833 2775 945 2838 operae
973 2755 1103 2838 pretium
1121 2777 1184 2817 non

257 2883 325 2927 ease
351 2859 480 2924 videtur.
523 2853 649 2942 Impulit
672 2877 725 2920 me
753 2858 793 2921 cd
809 2865 893 2923 ‘eam
920 2862 1087 2956 accuratius
1113 2883 1183 2947 era·¹

256 2967 429 3030 mirandam
453 2963 627 3028 Buttmanni
659 2982 772 3047 anceps
798 2965 959 3042 sententia,
987 2980 1018 3028 ot
1042 2963 1183 3028 Fischeri

141 3119 146 3136 ,
255 3072 431 3145 auctoritas,
457 3071 508 3154 qui
538 3070 642 3134 saltem
661 3069 747 3152 plura
768 3067 923 3154 utriusque
943 3073 1058 3134 formae
1078 3093 1183 3134 exem·

188 3187 190 3192 '
255 3177 305 3259 plo
333 3197 501 3261 congerere
529 3174 691 3240 debuisset.
720 3209 759 3220 -
785 3171 836 3238 De
864 3176 963 3238 tumre
984 3178 1073 3240 attico
1100 3177 1182 3258 apud

255 3271 477 3344 Schneiderum
515 3282 613 3367 agitur
646 3302 677 3372 P‘.
704 3277 767 3353 12,
806 3281 860 3344 sed
878 3306 881 3316 ⁴
902 3278 1043 3346 breviter.
1103 3282 1181 3344 Satis

253 3386 379 3473 copiose
399 3387 477 3444 hanc
498 3385 651 3448 materiam
674 3385 864 3466 pertractavit
879 3384 1065 3450 Matthiaeus
1080 3388 1111 3449 in
1132 3410 1181 3472 gr.

253 3516 301 3582 gr.
321 3488 413 3573 ampl.
434 3489 463 3570 §.
480 3488 558 3564 181,
583 3487 615 3554 2.
659 3485 708 3552 Cf.
737 3506 857 3578 praeter
883 3491 990 3555 Herm.
1015 3493 1053 3554 ad
1082 3495 1178 3576 Soph-

252 3599 307 3663 At.
328 3595 403 3671 557,
422 3594 533 3659 Buttm.
554 3616 598 3680 gr.
619 3615 665 3681 gr.
687 3596 778 3679 ampl.
800 3597 830 3677 ᾗ.
851 3593 909 3673 95,
932 3597 970 3672 8,
992 3617 1063 3662 cum
1082 3597 1181 3675 Add.,

253 3705 414 3768 Thiercch.
442 3723 489 3788 gr.
517 3719 562 3786 gr.
593 3700 624 3780 §.
650 3697 730 3773 243,
762 3701 821 3772 18,
857 3701 965 3765 ΕΙωοΙ.
999 3705 1038 3766 ad
1063 3702 1181 3774 Aesch.

253 3808 355 3871 Promss
374 3805 438 3872 290
461 3809 508 3885 (in
530 3807 601 3869 edit.
622 3803 764 3883 litant),
783 3803 894 3872 Matth.
915 3807 953 3870 ad
976 3808 1052 3872 Eur.
1068 3809 1181 3876 Troad.

169 3939 173 3948 ·
254 3913 348 3988 1242,
370 3909 515 3978 Maittair.
536 3913 576 3976 de
597 3909 668 3976 diol.
690 3934 721 3996 p.
740 3908 794 3978 60.
840 3911 1010 3980 Hemsterb.
1032 3912 1184 3980 adunent
