2726 4652
395 607 402 635 ι
429 593 433 608 ,

163 673 165 682 ’
231 644 398 729 ‘audiamus
418 664 641 729 Schneidcrum
663 687 695 747 p.
708 660 762 742 47,
783 665 921 748 quamvis
942 665 1036 729 invito
1058 668 1171 743 atrimo,

241 775 401 846 fatentem,
423 771 521 834 cresin
541 770 626 834 illam
647 758 756 850 ἁνήρ
783 790 903 852 prorsus
923 770 1087 855 improbari
1108 795 1171 836 non

241 900 339 960 posse.
382 877 433 940 Ne
458 892 559 958 tamen
583 876 762 944 adversariis
789 876 850 941 suis
873 875 1039 962 quidquam
1058 897 1170 944 conoe·

207 1013 208 1021 ¹
241 983 309 1055 dat,
342 984 410 1046 satis
434 983 538 1064 inepte
568 981 667 1057 addit,
710 983 889 1067 „quosdam
915 981 1040 1048 fortasse
1069 1001 1171 1067 poetas

155 1141 159 1157 ,
240 1089 484 1172 antiquissimos,
524 1108 653 1171 quorum
685 1108 804 1170 opera
840 1087 1089 1162 interierint,
1130 1093 1171 1154 ita

241 1194 379 1279 loquutus
407 1195 540 1266 fuisse.“
584 1193 813 1276 Peropportune
841 1193 959 1258 scilicet
980 1194 1170 1260 Schneidero

138 1348 143 1358 ,
240 1301 420 1364 interierunt
440 1299 492 1360 illa
512 1307 613 1384 opera.
656 1298 762 1362 Postea
781 1321 867 1373 vero,
889 1319 998 1387 parum
1018 1300 1077 1366 sibi
1098 1321 1169 1364 oon·

241 1420 330 1482 stans,
350 1405 469 1491 ablegat
490 1401 628 1469 Dawesii
649 1421 811 1470 sectatores
830 1406 868 1470 ad
889 1405 1039 1489 plebeios,
1060 1406 1169 1491 quibus

239 1532 339 1576 orases
359 1511 426 1576 illas
446 1499 572 1590 ‘dvala
598 1500 713 1593 ‘dyeia
741 1513 958 1596 adproprias
979 1514 1170 1596 assigrundas

240 1638 307 1682 esse
329 1618 431 1681 edicit.
474 1615 584 1678 Attulit
600 1619 683 1680 enim
700 1638 835 1682 caussam
848 1639 954 1701 parum
967 1615 1168 1708 probabilem,

240 1724 321 1804 quod
342 1724 420 1785 crasi
440 1711 552 1799 ’ἀνήρ
583 1721 675 1782 simul
697 1722 797 1786 inesse
821 1725 930 1804 possit,
962 1716 995 1800 d,
1017 1715 1051 1800 d,
1078 1716 1167 1788 d·-

240 1809 353 1908 ἇνήρ,
383 1829 436 1912 qui
463 1823 664 1909 ambiguitatis
688 1827 779 1888 timor
806 1829 909 1910 quanti
937 1827 1094 1894 habendus
1121 1833 1168 1911 sit,

198 1933 204 1942 “
238 1936 299 1996 iam
310 1931 465 2018 Reisigius
486 1931 588 1996 docuit
609 1931 642 1992 in
664 1932 751 2019 Synt.
774 1931 870 2019 pta.
913 1931 1027 2000 Finem
1047 1939 1168 2001 taudem

141 2016 145 2026 i
238 2039 348 2124 longae
368 2041 488 2103 chartae
509 2039 637 2121 imponit
660 2061 691 2122 p.
711 2036 755 2100 51
776 2039 867 2102 hisce
883 2038 1004 2133 verbis:
1046 2020 1168 2116 „Unde

238 2143 393 2228 plebeiam
406 2143 529 2208 dicendi
541 2145 687 2208 rationem
705 2159 736 2206 et
749 2146 782 2206 in
795 2145 997 2229 inscriptione
1012 2146 1115 2233 Sigea,
1136 2165 1168 2212 et

237 2249 450 2334 in‘Apollonii
472 2247 574 2314 verbis
593 2251 741 2312 contineri
763 2249 817 2313 tibi
838 2252 1050 2334 persuadeas.“
1073 2255 1167 2318 Nullo

238 2359 330 2422 modo
347 2350 492 2443 equidem
519 2358 593 2442 milri
615 2355 791 2439 persuaderi
817 2356 928 2439 patiar,
954 2356 1167 2442 Apollonium,

239 2465 376 2526 omnium
397 2465 660 2546 grammaticorum
685 2462 910 2536 doctissimum,
937 2465 970 2526 in
996 2469 1167 2550 praeceptis

237 2570 298 2632 suis
313 2568 470 2631 tradidisse
491 2566 566 2632 tales
584 2567 709 2650 linguae
729 2568 850 2642 formas,
872 2574 1165 2653 quaetantumtnodo

236 2675 270 2738 in
296 2694 349 2735 cro
364 2660 500 2736 tunicati
528 2671 642 2756 popelli
671 2688 879 2750 versarenturt
919 2697 1103 2762 quamquam
1133 2681 1166 2742 in

236 2775 499 2861 descriptionibus,
519 2797 593 2863 quas
612 2776 771 2840 exarabant
790 2799 903 2862 operae
923 2767 1067 2864 imperiti,
1087 2786 1167 2849 eius·

236 2885 320 2949 modi
348 2903 465 2946 errores
494 2883 605 2967 passim
629 2881 751 2946 obviarn
772 2881 839 2946 fieri
861 2908 923 2948 non
943 2889 1060 2972 ignoro.
1103 2891 1184 2954 tte-⁷

235 3013 296 3074 quc
332 2990 385 3054 illa
411 2988 535 3074 quidem
568 2989 607 3050 ad
638 2983 786 3077 Daweaii
803 2983 943 3076 regulam
978 2994 1166 3060 refutandam

234 3097 377 3162 sufficere
397 3096 557 3169 videntur,
585 3117 663 3180 quae
684 3093 815 3160 Wolfius
833 3112 922 3160 acute
950 3091 1112 3182 disputavit
1133 3104 1165 3166 in

235 3200 339 3265 Anall.
363 3202 395 3274 I,
423 3200 459 3263 P.
483 3199 532 3276 II,
560 3222 591 3283 p.
611 3197 698 3263 458?
727 3197 867 3265 Consulit
888 3203 970 3265 enim
994 3206 1105 3288 peritos
1125 3209 1192 3274 dei

234 3305 402 3371 scribendis
435 3304 613 3380 vocabulis,
648 3326 725 3388 quae
752 3308 821 3370 ‘iarn
856 3327 996 3391 asperum
1026 3311 1166 3392 spiritum

232 3405 355 3499 gerala,
382 3427 414 3472 ut
435 3401 581 3489 ἅρπαξ,
610 3405 719 3486 ἕκτα,
746 3414 772 3476 si
799 3413 851 3475 cui
872 3414 949 3477 sorte
968 3415 1001 3476 in
1021 3417 1165 3484 Thebana

201 3520 202 3528 ’
234 3518 336 3583 fabula
371 3513 522 3604 Aeschyli
557 3521 617 3588 hoc
645 3516 750 3580 dicere
784 3519 916 3600 placata
959 3522 1021 3593 „in
1054 3523 1164 3606 quibus

233 3731 339 3796 fuisset
358 3723 531 3817 negotium-l
543 3735 563 3767 “
586 3759 627 3778 n·
653 3727 774 3796 Fuisset
793 3751 876 3794 sane.
919 3729 982 3793 Sed
1003 3732 1036 3794 in
1056 3735 1165 3799 talibus

234 3838 400 3920 exemplis,
442 3858 519 3920 quae
554 3834 638 3898 nulla
675 3837 773 3899 adbuc
806 3837 995 3913 invenimus,
1034 3841 1166 3904 sufficiet

1357 3315 1358 3350 l

234 3626 390 3711 protecto,
427 3624 541 3720 taqua,
575 3624 697 3707 spirtius
728 3624 845 3707 spana
870 3625 1005 3690 insidens
1031 3623 1165 3694 eaerum

234 3963 349 4007 uuum
384 3942 505 4029 spiritus
540 3941 678 4026 signum,
711 3941 800 4007 sicuti
824 3941 903 4040 lenis
928 3944 1049 4030 spiritua
1074 3961 1164 4030 capue

1315 4459 1321 4466 ι
