2726 4652
454 325 892 460 Ι--αο·--

224 573 320 646 ἄλλα
343 571 452 643 auid
484 569 598 653 rihho,
635 577 687 640 diu
718 573 923 662 disceptabant
951 575 1148 660 grammatici.

202 673 262 750 'V.
292 688 385 748 Wolf.
427 709 457 769 p.
483 684 565 762 436,
594 682 666 758 437,
716 681 829 745 Buttm.
857 705 904 766 gr.
932 703 976 766 gr.
1005 679 1088 743 Add.
1111 683 1150 762 ad
1182 722 1186 730 ι

225 796 249 872 §.
263 791 306 854 29
327 809 386 852 not.
404 791 433 854 5.
478 791 618 876 Quorum
636 811 656 856 e
675 789 809 854 doctrina
829 810 933 871 quum,
954 801 986 848 ul
1006 789 1149 860 vidimus,

225 913 367 962 accentus
397 897 610 958 circumflexus
645 916 683 956 ex
710 909 796 957 acuto
826 915 897 955 cum
918 892 1021 977 gravi,
1036 914 1109 954 non
1131 906 1151 954 'e
1175 937 1183 952 .

188 985 190 997 Ι
197 1005 311 1090 gravi
337 1024 408 1064 cum
436 1017 523 1064 acuto
550 1002 692 1084 prodeat,
723 1003 769 1078 (v.
792 993 941 1084 Gottling.
961 997 1000 1058 de
1022 1013 1151 1059 accentu

198 1131 258 1197 1P·
282 1108 372 1183 110),
389 1109 488 1170 crasin
509 1129 663 1189 nunquam
684 1103 914 1168 circumflexum
936 1099 1077 1185 accipere
1098 1125 1151 1185 po·
1220 1177 1227 1183 .

226 1215 318 1276 tuisse
339 1227 526 1296 sequeretur,
547 1213 605 1274 nisi
625 1212 685 1274 iam
707 1225 792 1272 antea
820 1207 981 1284 insedisset
1003 1207 1151 1272 vocabulo

227 1319 353 1404 integro.
395 1317 498 1382 Nihilo
520 1319 619 1382 minus
641 1319 671 1379 in
693 1317 814 1397 optimis
835 1313 1014 1398 quibusdam
1036 1316 1150 1378 codici-

228 1423 284 1486 bus
304 1423 447 1509 leguntur
468 1407 595 1497 τᾶλλα,
628 1404 808 1502 τοῦργον,
833 1403 1004 1498 τοῦναρ,
1019 1418 1092 1482 licet
1113 1433 1166 1484 ex'

228 1528 280 1603 illa
309 1529 414 1613 regula
445 1544 549 1592 acutus
580 1529 756 1607 suffecisset.
812 1523 907 1588 Cuius
935 1527 1154 1609 discrepantiae

184 1651 188 1660 “
228 1654 331 1696 caussa
358 1622 529 1715 t'yuaerenda
550 1612 671 1696 videtur
691 1635 723 1694 in
747 1625 875 1696 diversis
894 1630 934 1692 de
955 1630 1074 1693 illarum
1095 1632 1156 1693 for·
1229 1707 1234 1712 .

228 1739 491 1822 marum-origine
513 1731 788 1818 Grammaticorum
809 1737 980 1810 sententiis,
1009 1758 1101 1820 quum
1122 1734 1156 1796 in
1253 1731 1264 1742 ‘
1351 1777 1352 1810 ,

228 1845 266 1907 iis
301 1858 350 1905 aut
373 1844 528 1926 propriam
549 1857 767 1926 cognoscerent
798 1842 953 1928 synthesin
981 1855 1036 1918 et,
1055 1856 1088 1904 ut
1114 1842 1156 1904 ita

227 1937 339 2020 dicam,
357 1948 540 2033 organicam,
559 1968 615 2029 qua
629 1947 689 2008 duo
705 1945 851 2010 vocabula
871 1948 904 2009 in
924 1970 1017 2009 unum
1038 1945 1156 2022 coelite,

132 2089 133 2092 η
199 2067 201 2072 “
229 2069 262 2114 ut
276 2077 369 2118 unum
388 2052 538 2116 tractanda
559 2067 748 2130 essenthaut,
771 2055 816 2114 sin
832 2055 947 2126 minus,
969 2050 1071 2114 verbis
1088 2072 1155 2114 coa·

229 2159 290 2221 litis
319 2160 452 2222 euudem
475 2158 666 2242 imponerent
688 2173 865 2234 accentum,
892 2158 944 2242 qui
972 2173 1040 2228 ante
1067 2179 1155 2241 coag-

229 2266 445 2326 mentationem
473 2265 610 2325 secundd
637 2263 787 2328 vocabulo
813 2263 972 2325 insederat.
1014 2260 1156 2346 Quorum

225 2392 249 2430 e
272 2370 436 2445 sententia,
472 2390 550 2451 quae
575 2383 605 2430 et
632 2369 696 2452 ipsa
717 2368 820 2432 Wolfii
842 2369 955 2430 ratione
978 2369 1157 2442 continetur,
1240 2379 1244 2386 “

230 2488 314 2534 recte
338 2473 541 2546 scriberentur
562 2457 677 2558 κᾷτα,
698 2457 831 2545 τᾶθλα,
853 2457 983 2559 ἐγῷδα,
1005 2457 1157 2558 ἐγῷμαι,

146 2603 148 2607 ⁴
230 2579 301 2662 quia
329 2579 420 2639 altera
449 2578 634 2665 syllabarum
662 2580 932 2642 contrahendarum
959 2579 1157 2643 circumflexo

230 2672 359 2746 occentu
392 2687 536 2746 instructa
566 2698 648 2755 erat,
681 2683 735 2744 sed
760 2671 917 2760 τᾶνδον,
954 2673 1003 2745 τὰ
1037 2679 1156 2760 ἔνδον,

230 2778 369 2870 τᾶργα,
395 2777 440 2849 τὰ
465 2783 576 2870 ἔργα,
607 2777 741 2864 τᾶλλα,
764 2777 868 2864 κᾶτι,
887 2780 1008 2869 χᾶμα,
1038 2779 1156 2868 χᾶσοι,

230 2896 371 2978 quoniam
390 2909 533 2958 accentus
546 2909 648 2958 acutus
670 2895 821 2958 secundae
843 2895 977 2984 syllabae
997 2897 1159 2964 insederatr
1212 2873 1220 2884 ⁴

121 2993 155 3027 ⁸·
230 3001 269 3060 V.
291 2999 402 3064 Ruunt
432 3021 478 3082 gr.
500 3021 546 3084 gr.
569 3002 595 3075 5.
615 2997 669 3076 28,
690 2997 729 3074 73
751 3001 779 3076 δ.
800 2997 838 3073 9,
861 3000 891 3064 3.
927 2999 1098 3084 «Βίεοτεραῐ
1117 3017 1158 3062 ta·

230 3127 304 3167 rnen
342 3103 445 3166 Wolfii
479 3106 553 3167 ratio
593 3105 625 3166 in
659 3126 714 3179 eo,
753 3105 834 3188 quod
886 3105 1066 3168 omnibus
1103 3108 1159 3168 di·

230 3210 444 3298 phthongis
467 3232 586 3292 quoque
608 3207 839 3274 circumflexum
858 3212 1075 3294 imponendum
1091 3199 1160 3276 e'sse

231 3329 316 3375 recte
345 3316 460 3390 statuit,
497 3315 610 3376 etiarnsi
633 3329 700 3376 ante
722 3315 912 3380 coalitionem
936 3341 1006 3379 eum
1028 3339 1088 3378 non
1108 3321 1160 3382 ha·
1192 3393 1195 3400 .

123 3461 127 3476 ,
175 3487 178 3494 γ
232 3419 361 3481 buerint
405 3422 484 3511 Tum
512 3440 585 3480 vero
613 3419 749 3482 ultimam
776 3420 922 3510 syllabam
942 3421 1070 3486 brevem
1092 3446 1161 3488 esse
1205 3493 1215 3512 κ

231 3524 357 3597 debore,
385 3524 446 3584 nori
472 3539 534 3597 est,
569 3525 649 3607 quod
678 3549 829 3590 moneam.
883 3528 1017 3612 Atqui
1009 3553 1068 3591 iarn
1103 3529 1161 3591 aliu

233 3611 423 3692 subnascitur
461 3627 630 3693 difficultas.
688 3627 868 3696 Communis
905 3633 1022 3697 scilicet
1057 3636 1161 3720 regula

231 3734 378 3827 postulat,
407 3749 452 3796 ut
467 3733 608 3825 bisyllabi
638 3735 779 3799 vocabuli
808 3739 905 3819 prima
935 3738 1048 3827 syllaba
1070 3738 1161 3823 longa

235 3836 501 3916 circumflectatur,
528 3839 553 3906 si
574 3839 790 3914 alterabrevis
812 3858 865 3907 est.
908 3843 951 3930 At
971 3867 1031 3906 non
1053 3847 1162 3908 desunt
