2726 4652
574 443 749 518 -120
801 430 871 554 -ἦ

251 639 356 726 possit,
378 639 430 702 eos'
451 618 639 723 frequentius
660 619 1178 704 00001010000000000000λεῖ-

250 746 366 827 9000,
400 741 531 816 κλείω,
559 747 696 807 eveteri
717 744 878 808 Attioismo
898 745 1032 808 servatis.
1073 739 1181 826 Quum

251 854 336 914 mim
358 853 542 935 tragicorum
564 863 660 914 aetate
684 852 807 914 vocales
828 851 944 914 litterae
964 851 1084 912 ionicae
1105 868 1130 928 η
1152 860 1183 908 et

252 979 282 1020 ω
303 955 460 1020 communi
483 957 640 1018 atticorum
661 979 719 1019 usu
745 959 882 1021 noudum
902 970 1045 1038 receptae
1066 967 1183 1028 essent,

250 1065 284 1128 id
307 1063 389 1149 quod
408 1055 465 1126 sub
491 1061 630 1126 Euclidis
648 1061 813 1126 Archontis
834 1064 1024 1147 magistratu,
1053 1054 1106 1126 01.
1129 1053 1205 1131 91·

250 1170 290 1244 2,
334 1171 449 1233 factum
480 1187 546 1230 esse
576 1183 711 1244 constan
747 1174 794 1246 (v.
816 1169 961 1231 Scholion
983 1163 1184 1230 memorabile

250 1277 289 1340 ud
311 1276 385 1337 Eur.
406 1274 521 1336 Phoeu.
542 1271 622 1346 688,
641 1273 746 1358 ibique
765 1272 933 1351 Valcken.)
957 1274 1055 1336 veteri
1069 1263 1185 1334 'Attici-

208 1405 211 1411 ·
251 1403 317 1476 suro
338 1380 516 1466 assignanda
537 1395 606 1442 sunt
626 1371 815 1458 κλξῐ9ροιῖ,
837 1382 946 1458 κλεῖς,
968 1377 1096 1456 κλείω,
1117 1380 1185 1441 sim.

251 1487 359 1572 Quum
382 1488 473 1570 igitur
487 1487 703 1570 posterioribus
723 1487 910 1572 temporibus
932 1485 1047 1550 sabulos
1070 1483 1187 1560 descri-

251 1591 360 1656 berent
383 1591 508 1665 librarii,
530 1594 733 1658 recentiorem
758 1592 1076 1684 'scripturam'ubique
1096 1592 1187 1656 iudu-
1248 1673 1249 1678 η

251 1719 342 1774 cere,
371 1699 538 1782 longasque
560 1699 674 1764 ionicus
697 1700 820 1762 vocales
841 1700 1040 1773 substituere,
1062 1718 1188 1763 suarum

250 1825 319 1868 esse
351 1804 480 1886 partium
506 1802 640 1879 arbitrati
667 1805 761 1868 luisse
782 1806 933 1868 videntur.
976 1804 1015 1866 V.
1034 1801 1186 1866 Valckeu.

251 1911 290 1972 ed
311 1908 388 1972 Eur.
409 1907 525 1970 Pboou.
545 1905 627 1982 268,
649 1896 804 1997 Ρὸρροηὶε
825 1909 965 1997 Prolegg·
990 1912 1023 1974 iu
1043 1910 1187 2000 Thucyd.

149 2029 154 2046 ¹
251 2015 287 2089 I,
308 2037 340 2101 p.
361 2013 443 2088 212,
467 2011 602 2078 Lobeok.
623 2017 661 2078 ad
684 2017 776 2100 Soplu
797 2016 850 2078 Ai.
873 2014 976 2093 1261,
1010 2013 1128 2081 Monlr.
1150 2015 1189 2078 ad
1289 2077 1293 2086 ,

113 2183 116 2186 ,
250 2121 325 2182 Eur.
361 2121 457 2208 Hipp.
497 2120 580 2196 500,-
619 2121 727 2184 Elmsl.
767 2125 805 2185 ed
842 2123 918 2186 Eur.
955 2122 1078 2185 Heracl.
1109 2119 1188 2194 729,

251 2223 354 2288 Matth
392 2228 431 2288 od
455 2225 535 2292 Eur..
552 2227 667 2290 Phoeu·
689 2225 750 2304 64,
782 2231 820 2294 ad
842 2228 962 2292 Hecub.
983 2227 1049 2292 482
1068 2243 1099 2290 et
1119 2227 1188 2290 Au·
1285 2303 1286 2316 χ

251 2333 350 2394 drom.
377 2331 463 2410 4953
492 2331 639 2398 Maitteir.
672 2334 712 2398 de
739 2333 809 2396 diul.
836 2358 867 2420 p·
901 2333 964 2399 169
974 2337 993 2410 ,l
1014 2319 1119 2396 Koen.
1150 2335 1188 2396 ud

251 2431 349 2524 Greg.
372 2435 442 2502 Cor.
464 2462 494 2522 p.
508 2438 581 2516 100,
602 2443 761 2505 Thiersoh.
783 2461 826 2526 gr.
849 2463 895 2526 gr.
916 2464 945 2524 p.
960 2440 1025 2503 421
1048 2441 1095 2502 ed.
1120 2456 1206 2506 tert-t

251 2561 283 2608 et
304 2544 415 2606 Buttm.
437 2567 484 2630 gr.
502 2568 550 2632 gr·
571 2547 664 2630 ampl.
687 2547 713 2624 Ι,
735 2571 765 2631 p.
788 2547 861 2622 107,
883 2568 956 2610 cum
966 2545 1049 2610 Ado.
1066 2569 1096 2631 p.
1110 2545 1187 2623 889,

252 2668 284 2712 et
304 2649 354 2725 ΙΙ,
376 2673 407 2733 p.
429 2647 503 2714 169.
546 2651 598 2713 De
620 2643 741 2730 ὃάῖος,
762 2640 882 2732 δῆἳος,
904 2641 1003 2736 &poet
1022 2673 1055 2718 v.
1076 2652 1188 2716 Herm.

251 2757 292 2820 ed
326 2756 421 2842 Soph.
449 2755 503 2820 At.
529 2752 610 2832 7713
649 2759 688 2820 de
716 2747 842 2839 λήϊον,
871 2749 1026 2840 λῃστής,
1054 2758 1123 2822 sim.
1146 2759 1187 2822 of.

251 2859 384 2926 Frauolr„
413 2863 452 2926 ad
471 2863 568 2928 Iusor.
588 2861 724 2926 Richter.
746 2888 779 2949 p.
801 2865 853 2940 18,
876 2864 935 2940 19;
957 2867 997 2926 de
1024 2853 1188 2946 Θρῄκιος,

258 2969 429 3051 Θρηΐκιος
448 2991 480 3033 v.
503 2969 670 3033 Welluuer.
701 2972 739 3048 od
761 2969 873 3036 Aessh.
899 2968 1011 3056 Agant.
1041 2969 1114 3034 640.
1144 3001 1188 3020 ·-·

252 3075 306 3138 De
332 3079 421 3140 attico
447 3077 557 3160 plurali
588 3076 739 3158 βασιλῆς
767 3076 916 3164 probabili
943 3078 1065 3139 ratione·
1083 3077 1186 3158 dispu-

252 3185 327 3246 tavit
342 3183 546 3245 Schneiderus
566 3204 596 3266 p.
618 3181 853 3268 9,1ugioisque
876 3197 1071 3252 couturuuem
1093 3183 1187 3242 etium

159 3341 162 3352 .
252 3289 381 3349 formam
405 3289 563 3366 βασιλεῖς
590 3288 764 3352 vindicavit.
812 3288 970 3370 Exemplis
994 3286 1032 3350 ab
1055 3308 1093 3347 eo
1114 3285 1186 3347 alla·

252 3393 291 3454 tis
320 3393 398 3454 adde
424 3393 519 3475 Soplr.
547 3392 665 3456 Electr.
697 3391 762 3457 690
790 3394 967 3474 βραβεῖς,
995 3391 1076 3476 quod
1102 3409 1186 3452 nuuc

253 3499 378 3584 quidem
397 3497 581 3569 recentiores
603 3499 734 3565 editores
755 3516 857 3564 contra
876 3497 969 3562 libros
985 3499 1017 3575 iu
1036 3493 1187 3578 βραβῆς

253 3605 432 3666 mutandum
455 3625 520 3667 esse
543 3619 733 3687 putaverunt.
769 3601 916 3670 Ceterum
937 3605 1066 3684 sormam
1082 3603 1185 3682 βασι-

253 3707 321 3789 λῆς
342 3731 379 3772 ex
400 3710 499 3795 ionice
522 3692 617 3772 lorino
638 3708 811 3791 βασιλῆες
828 3709 888 3778 ¹vel
906 3703 1069 3791 βασιλέες
1089 3719 1186 3768 ortum

254 3835 339 3887 esse,
375 3835 452 3901 quoe
485 3812 690 3878 Choerobosoi
729 3816 876 3892 sententie
909 3831 954 3880 est
985 3815 1018 3876 iu
1050 3807 1185 3889 Beklreri

254 3918 380 3984 Anecd.
409 3943 440 4004 p.
466 3917 568 4010 1195,
604 3905 753 3996 Lobeclrli
788 3908 826 3987 ud
857 3915 1121 4006 &purte-186
1153 3929 1186 3977 et
