2726 4652
575 483 846 558 *122*-

123 715 127 730 .
252 677 333 754 590,
364 676 418 740 ubi
445 674 551 742 Herm·
581 696 748 762 omnesque
771 675 955 739 recentiores
984 677 1177 742 restituerunt
1280 755 1287 770 ,

174 796 181 806 '
251 783 431 867 βασιλεῖς,
460 782 541 866 quod
568 783 673 866 optimi
700 782 824 844 codices
849 797 938 864 atque
957 778 1072 844 Aldina
1092 801 1177 864 prae·

231 891 332 954 ·bent.
373 888 556 952 Accuratius
577 887 760 951 scriberetur
779 883 965 967 βασιλέας,
995 903 1028 949 ιιι
1048 886 1176 976 trisylla-

251 995 326 1060 bum
368 995 425 1070 sit,
481 1008 514 1056 ut
564 994 746 1056 Schaeferus
789 995 822 1055 in
862 993 935 1055 Eur.
976 991 1070 1058 Rhes.
1110 989 1177 1054 480

250 1095 416 1179 ἀριστέας
447 1098 557 1174 edidit3
596 1119 627 1163 v.
659 1096 770 1161 Matth.
797 1100 888 1162 adh.
915 1098 936 1161 l.
967 1113 997 1159 et
1024 1094 1176 1160 Valcken.

250 1205 348 1268 Diutr.
368 1229 398 1289 p.
423 1204 493 1266 105.
537 1236 577 1250 -
620 1202 672 1266 De
701 1206 872 1272 accusativo
893 1188 1052 1288 singuiaris
1073 1203 1176 1281 βασι-

250 1311 336 1388 λέα,
373 1307 509 1392 βασιλῆ
540 1331 570 1374 v.
598 1307 709 1371 Matth.
748 1332 793 1396 gr.
823 1333 868 1393 gr.
898 1313 921 1387 §-
949 1307 1010 1381 83,
1044 1323 1103 1368 not·
1135 1307 1176 1384 3,

167 1415 169 1420 ’
250 1421 404 1482 Thiersciu
429 1439 473 1501 gr.
495 1437 538 1500 gr.
561 1418 585 1490 §·
605 1412 687 1489 243,
708 1413 767 1490 31,
793 1411 906 1476 Monk.
928 1413 965 1476 ad
985 1413 1058 1475 Eur
1079 1413 1175 1497 Hipp.

247 1521 351 1600 1148,
393 1521 516 1584 Porson.
541 1521 579 1583 ad
605 1519 678 1584 Eur.
706 1519 785 1594 Hec.
806 1518 879 1586 876.
921 1517 1035 1582 Buttm.
1061 1541 1106 1604 gr.
1128 1541 1176 1605 gr.

249 1633 274 1708 §.
295 1627 353 1699 52,
378 1643 438 1690 not.
453 1623 484 1688 5.

331 1732 398 1796 Iam
417 1745 600 1794 transeamus
620 1731 658 1794 ad
678 1721 797 1812 ᾔκασα
819 1710 851 1802 et
871 1727 1025 1807 εἴκασα,
1048 1731 1088 1792 de
1109 1734 1175 1814 qui·

250 1839 308 1902 bus
328 1833 450 1898 Moeris
472 1857 503 1924 p.
515 1836 594 1900 182:
616 1827 747 1920 ᾔκασα,
767 1838 822 1912 ait,
850 1829 1020 1912 ἀττικώς,
1043 1835 1175 1899 εἴκασα

251 1939 458 2023 ἑλληνικῶς,
487 1939 540 2007 ubi
561 1964 591 2006 v.
613 1941 749 2016 Sallier.;
775 1943 815 2004 cf.
836 1941 971 2007 Eustath.
994 1965 1024 2024 p.
1044 1941 1175 2016 50„18,

247 2049 349 2136 Etym.
372 2045 424 2110 Μ.
442 2067 476 2134 p.
496 2045 572 2121 166,
592 2045 650 2123 363
672 2045 744 2121 121,
766 2047 827 2122 38¹3
844 2045 922 2124 419,
942 2046 993 2110 32.
1037 2045 1175 2112 Omnino

247 2155 374 2237 quidem
385 2154 466 2216 attici
484 2152 665 2235 antiquiores
679 2153 711 2213 in
728 2152 840 2225 verbis,
861 2174 939 2236 quae
953 2152 1068 2241 syllaba
1084 2171 1114 2214 ει
1128 2157 1173 2216 in-

221 2255 223 2262 ’
247 2262 380 2342 cipiunt,
406 2272 568 2342 augmento
595 2279 656 2318 non
678 2272 818 2334 utuntur,
839 2260 929 2339 ut1itt
956 2257 1050 2322 verbo
1070 2257 1173 2335 εέκαι,

249 2364 370 2440 εἶκον,
415 2360 507 2438 εἶξα.
571 2361 677 2446 Itaque
715 2366 814 2439 forma
842 2365 1007 2446 antiquior,
1047 2364 1174 2438 Ionibus

248 2473 339 2532 etiam
363 2471 502 2552 propria,
529 2469 595 2530 sine
620 2467 713 2530 dubio
740 2484 804 2532 etat
824 2466 975 2544 εἴκασα,
1006 2492 1084 2555 quae
1111 2451 1189 2536 tant¹

178 2569 183 2588 ‘
247 2575 367 2659 tragicis
402 2594 493 2656 quam
512 2574 686 2661 Thucydidi
717 2575 809 2636 unico
839 2577 999 2650 convenit3
1043 2597 1071 2640 v·
1093 2577 1173 2661 Pop·

247 2681 335 2762 ponis
362 2677 506 2760 Prolegg.
533 2701 563 2758 p.
591 2677 672 2751 226,
704 2678 894 2760 librariisque
923 2679 995 2750 solis
1023 2681 1174 2748 debemus

247 2775 366 2869 ᾔκασα
387 2781 479 2852 illud,
501 2783 581 2867 quod
597 2781 769 2846 Brunckius
785 2781 981 2866 Aristophani
1001 2803 1085 2852 recte
1107 2792 1173 2874 qui·

247 2893 319 2954 dem
352 2889 528 2962 vindicavit,
573 2893 622 2966 (v.
647 2888 684 2950 ad
711 2887 792 2952 Nub.
823 2889 910 2966 350)
951 2894 1071 2976 tragicis
1108 2919 1172 2958 non

245 2999 329 3060 item.
375 2991 559 3056 Mirandum
586 3008 646 3070 est,
680 3016 783 3080 neque
808 2993 1081 3077 Valckenaerium,
1116 3003 1171 3084 qui

246 3104 284 3166 ad
311 3102 386 3164 Eur.
414 3099 528 3166 Phoen.
553 3098 618 3164 268
645 3101 679 3162 in
704 3099 853 3188 vocabulo
885 3102 1031 3183 κλῇθρα
1062 3125 1084 3185 ῃ
1112 3127 1170 3188 pro

243 3226 305 3270 eta
327 3206 528 3290 grammaticis
550 3207 707 3268 inductum
726 3206 819 3270 fuisse
837 3224 1000 3291 putaverat,
1022 3213 1090 3274 satis
1109 3211 1169 3274 sibi

245 3312 429 3381 constitisse,
457 3331 551 3394 quum
577 3309 693 3372 ibidem
720 3332 750 3375 v.
777 3313 839 3378 165
860 3309 1105 3396 ἐξῃκασμένα,
1136 3333 1169 3380 ut

244 3422 371 3482 formam
402 3413 537 3488 atticam,
576 3416 751 3496 praetulerit
789 3419 875 3482 alteri
918 3407 1167 3502 ἕξεικασβένα,

242 3543 342 3606 neque
355 3519 540 3590 Personam,
558 3519 673 3602 quippo
691 3523 743 3606 qui
764 3522 786 3586 l.
805 3524 827 3587 l.
847 3521 1091 3610 ἐξῃκασμένα,
1112 3529 1168 3592 sed

242 3651 273 3692 v.
301 3626 365 3690 431
399 3621 521 3686 εέκασε
549 3625 685 3688 ediderit.
728 3625 852 3704 Utinam
891 3653 963 3695 cum
996 3631 1167 3697 Matthiaeo

242 3732 395 3817 vulgatam
428 3730 508 3813 apud
539 3729 630 3811 soph.
663 3731 712 3794 Et.
744 3731 809 3796 662
844 3733 994 3805 εἴκασας
1024 3740 1166 3805 intactam

147 3855 148 3858 ’
204 3915 208 3922 .
242 3836 434 3920 reliquissent
471 3829 642 3897 Brunclrius
687 3852 777 3922 atquo
816 3840 1017 3907 Hermannus.
1076 3841 1166 3906 Bene

240 3942 434 4006 Wellauerus
452 3941 533 4024 apud
553 3938 665 4006 Aesch.
680 3939 815 4028 Choeph.
836 3945 901 4012 624
926 3943 1165 4030 ἕξεικασμένα
