2726 4652
493 427 926 562 ‘'-sa--‚.

255 673 366 770 Nopne
383 671 473 733 etiam
493 691 550 754 per
563 662 732 756 analogiam
742 670 891 755 quandam
908 670 945 731 in
967 654 1033 733 rent
1050 685 1183 734 nostram

254 791 434 840 convertere
470 797 628 860 possumus
663 779 773 838 formas
805 776 1031 861 genitivorum·
1055 775 1183 860 pluralis

255 883 374 944 numeri
383 871 473 958 rictu,
483 887 551 956 err,
559 874 625 944 tiri
636 878 964 966 Quaencnnisilingua
972 883 1068 966 magis
1077 880 1181 945 excul-

255 1004 282 1050 ta
298 988 451 1071 paullatim
462 988 493 1048 in
508 989 662 1070 proprium
678 988 847 1069 cuiuspiam
862 987 982 1049 dialecti
992 979 1184 1072 us'umtrans·

168 1145 174 1158 ,
256 1093 328 1158 iisse
341 1110 370 1164 et
384 1093 463 1177 apud
478 1093 609 1177 singulas
618 1085 767 1154 Graeciae
783 1106 889 1176 gentes
903 1091 1067 1155 invaluisse
1076 1091 1183 1170 siden·
1220 1087 1225 1096 ’

255 1216 312 1262 tur.
330 1201 429 1262 Antea
437 1200 529 1271 euim,
539 1197 937 1282 quampronunciandiratio
945 1218 1077 1280 ususque
1087 1195 1185 1280 magis

175 1281 183 1298 ’
249 1321 337 1370 *esset
357 1302 463 1388 vagus,
475 1306 617 1381 ⁴necdum
636 1319 719 1366 certo
734 1302 865 1388 quodam
885 1303 1061 1366 discrimine
1082 1319 1184 1364 secre-

206 1423 209 1430 '
257 1430 304 1475 tae
325 1433 426 1496 neque
447 1410 560 1495 regulis
581 1409 756 1484 constitutae
777 1424 879 1474 esseut
891 1409 1040 1492 cuiusque
1061 1405 1183 1468 dialecti

256 1521 389 1591 formae,
403 1517 476 1579 tales
497 1537 546 1580 res
568 1519 814 1602 orthographicae
829 1516 919 1579 certis
931 1511 1087 1586 limitibus,
1110 1532 1185 1596 quas
1263 1547 1265 1552 ·
1347 1565 1356 1580 ,

257 1622 413 1706 posteriori
439 1636 544 1703 aetate
558 1622 754 1707 designabant
771 1619 970 1707 grammatici
999 1611 1184 1700 imperate,
1271 1684 1275 1698 1
1310 1652 1318 1666 ·

258 1727 467 1790 circumscribi
481 1731 548 1788 'non
568 1743 715 1810 poterant.
752 1725 838 1810 Quid
858 1729 989 1800 mirum,
1010 1727 1035 1788 si
1049 1725 1091 1786 in
1112 1744 1186 1787 con·

258 1833 405 1898 stituenda
425 1827 554 1903 residue,
575 1848 634 1915 qua
655 1833 783 1896 duarum
802 1849 968 1917 earumque
990 1845 1185 1914 cognatarum

258 1939 410 2001 vocalium
432 1939 598 2000 litterarum
619 1937 810 2001 coalitionem
832 1939 1055 2021 exprimerent,
1077 1934 1185 1997 incerti

258 2043 370 2128 aliquid
393 2046 504 2128 passim
526 2060 659 2119 restaret,
680 2065 774 2129 quum
789 2045 965 2128 praesertim
987 2042 1088 2106 omnia
1109 2045 1186 2103 haec

159 2225 162 2230 Ι
189 2193 191 2198 ,
258 2145 440 2236 plerumque
466 2151 522 2214 soli
546 2153 664 2214 aurium
692 2151 805 2243 iudicio
834 2152 1098 2234 permitterentur,
1124 2147 1186 2210 ali·

259 2275 368 2342 quanto
390 2259 483 2320 rarius
505 2259 613 2339 scripta
635 2256 803 2340 legentium
825 2256 921 2320 oculis
943 2248 1186 2318 subiicerentur'l

259 2364 375 2424 Verum
394 2364 552 2426 enimvero
569 2364 633 2444 ipsa
653 2361 706 2424 illa
727 2359 854 2446 genitivi
867 2363 1032 2424 formarum
1048 2361 1184 2435 varietas,

259 2491 336 2551 quae
359 2489 420 2549 ¹per
447 2459 598 2529 Graeciae
625 2482 731 2550 gentes
759 2465 850 2529 simul
878 2459 1076 2530 audiebantur
1095 2481 1186 2550 atque

260 2595 318 2633 nna
340 2572 508 2654 eademque
528 2587 638 2645 aetate,
666 2570 849 2635 demonstrat
874 2571 1086 2658 cognationem
1106 2573 1187 2635 artis·
1235 2619 1239 2625 .

213 2673 216 2677 ’
259 2681 366 2742 simam
388 2671 540 2738 vocalium
562 2695 606 2750 a,
635 2689 707 2738 cet
726 2692 766 2740 ct·
810 2677 907 2764 Sicut
924 2678 1051 2762 genitivi
1067 2678 1185 2752 -sorma,

260 2805 338 2869 quae
358 2783 390 2843 in
409 2801 462 2842 ων
483 2782 554 2854 exit,
576 2780 613 2845 ab
628 2781 739 2846 Atticis
759 2777 949 2865 potissimum
970 2797 1110 2864 usurpata
1131 2775 1186 2857 esi,

260 2906 348 2972 atque
378 2890 409 2950 in
438 2889 595 2973 proprium
625 2908 733 2951 eurum
765 2908 854 2951 usum
882 2889 988 2976 cessit,
1017 2889 1056 2950 ita
1088 2909 1187 2952 crases

261 2987 383 3086 dfurip,
405 2983 532 3070 sitiatis,
552 2981 629 3057 'simi
653 2994 734 3078 apud
753 2992 878 3057 eosdem
908 2995 1039 3057 maxime
1062 3006 1187 3080 praeva-

261 3105 398 3177 luerunt,
422 3103 541 3165 ionicae
562 3114 665 3163 contra
689 3087 814 3167 formae,
832 3088 966 3180 (ιδ’-νήρ,
988 3089 1121 3174 ὦύτὸς,
1148 3099 1187 3162 de

157 3226 162 3240 ¹
261 3207 370 3293 quibus
379 3200 420 3270 ‘v.
441 3229 514 3289 prae
536 3206 646 3281 ceteris
668 3203 782 3268 Struvii
804 3203 927 3290 Quaest.
951 3205 1064 3284 Herod.
1085 3227 1118 3293 p.
1135 3203 1187 3278 12,

260 3335 322 3373 non
342 3333 463 3395 prorsus
484 3312 608 3394 quidem
634 3309 828 3386 interierunt,
848 3309 904 3376 sed
921 3293 1070 3394 aliquanto
1090 3314 1188 3378 rarius

190 3455 203 3483 -.
260 3450 304 3466 -ι
318 3417 344 3480 si
364 3437 425 3477 non
445 3415 783 3479 audiebantur-certe
804 3414 909 3481 litteris
931 3415 1186 3498 exprimebantur.

261 3520 311 3584 Cf.
330 3519 442 3618 Buttm.¹
464 3518 606 3584 Added
628 3541 673 3604 gr.
695 3544 741 3606 gr.
763 3505 893 3606 p1392;'
909 3517 1044 3585 Boeclrh.
1067 3517 1188 3613 Corpus

261 3629 358 3693 lusor.
381 3628 408 3700 l,
435 3647 468 3715 p.
497 3622 572 3690 279.
606 3626 671 3690 Iam
692 3651 782 3703 vero,
803 3645 836 3692 ut
857 3630 894 3692 ad
915 3649 1064 3690 summam
1087 3629 1187 3712 dispu-

261 3736 377 3796 tationis
389 3735 559 3805 redeaums,
581 3735 682 3794 animo
699 3734 985 3818 comprehendenda
997 3749 1067 3800 sunt
1088 3736 1188 3798 omnia

189 3913 190 3916 Ἴ
260 3841 330 3914 illa3
358 3861 436 3925 quae
457 3841 497 3904 de
514 3840 607 3901 'variis
630 3840 721 3902 orasis
745 3839 909 3925 generibus
935 3841 1103 3925 formisque
1123 3817 1188 3902 eiirs

260 3945 388 4028 singulis
408 3949 565 4028 hucusque
592 3945 624 4005 in
652 3946 788 4006 medium
817 3943 1005 4028 protulimus.
1049 3942 1188 4009 Crasis

262 4063 320 4112 est
348 4047 512 4113 duorum
542 4048 840 4133 vocabulorum,
872 4051 1071 4116 artissime
1105 4049 1188 4134 ple·
