2720 4650
412 441 414 448 ⁵
525 457 772 570 -m-

189 685 220 749 lr.
244 687 264 750 l.
291 693 309 774 Ι(
315 711 342 749 v.
367 687 473 764 itta.)
516 684 664 763 Accedit,
692 685 774 771 quod
799 686 908 750 elisum
938 689 1030 753 luisse
1060 689 1112 752 ali-

190 794 311 876 quando
339 816 351 854 τ
379 795 471 856 ‹lativi
500 795 671 872 existimare
699 795 788 857 satius
816 815 884 856 ease
911 796 1019 857 fatetur
1047 797 1114 878 ipse

190 899 384 962 Hermannus
407 897 575 964 inMonlrii
588 900 730 964 editione.
753 896 900 962 Ceterum
915 895 1117 966 hocelisionia¹
1204 950 1211 963 .
1249 931 1253 940 ·

190 1005 367 1088 exemplum
381 1027 442 1068 non
454 1006 545 1070 facile
558 1005 690 1069 convelli
708 1027 798 1092 posse
819 1023 1002 1070 censuerunt
1023 1003 1114 1071 etiam

156 1147 162 1160 ·
190 1108 283 1175 Porso
312 1113 344 1172 in
370 1113 465 1196 praef.
488 1112 526 1175 ad
546 1113 620 1175 Eur.
642 1110 763 1175 Hecub.
792 1135 826 1194 p.
845 1111 911 1176 22.
939 1111 1058 1199 Reisig.
1081 1115 1115 1177 in

191 1214 373 1280 Commeirtt.
396 1219 433 1280 ad
457 1213 537 1282 Oed.
561 1215 629 1281 Col.
651 1217 734 1281 1431
756 1235 786 1281 et
807 1217 931 1283 Botlrius
957 1221 989 1280 in
1011 1219 1114 1283 notula

190 1325 228 1385 ad
249 1327 279 1386 h.
299 1325 320 1386 l.
343 1331 385 1396 (v.
408 1323 518 1400 1070).
561 1355 605 1372 -·
647 1323 707 1398 ΙΙΙ
733 1324 850 1388 Aesch.
871 1327 982 1414 Suppl.
1003 1325 1036 1399 6,
1071 1358 1114 1376 ·-

190 1419 376 1512 φεύγομεν
394 1419 512 1492 Οόττν’
534 1419 589 1514 ἐφ’
612 1427 738 1510 αἵματι
759 1429 973 1516 δημηλασίᾳ
992 1423 1114 1518 Ψήφῳ

189 1525 324 1602 πόλεώς
344 1535 573 1618 ννωσθεῖσατ.
617 1536 761 1619 Speciosa
783 1538 919 1618 profecto
941 1539 1039 1600 videri
1060 1540 1114 1602 tle·

191 1639 242 1702 bet
263 1643 432 1726 Tyrwhittii
454 1643 625 1706 emendatio
654 1641 906 1723 δημηλασίαν,
934 1667 1025 1727 quam
1053 1646 1113 1708 duo
1203 1709 1208 1721 ,

160 1773 167 1790 ·
190 1747 367 1830 Spanhernii
389 1747 722 1838 codicesconfinnant‚
752 1747 938 1833 probantque
960 1749 1114 1815 Wellaue·

188 1875 240 1916 rus
266 1870 297 1916 et
323 1853 496 1916 Lobeokius
522 1855 560 1918 ad
594 1851 648 1915 Ai.
683 1876 713 1936 p.
734 1851 812 1928 340.
829 1856 881 1940 qui
909 1859 1113 1921 accusativum
1165 1935 1168 1942 Δ

189 1961 306 2022 idoneis
334 1961 481 2043 exemplis
504 1961 650 2023 defendit.
702 1959 795 2052 Quod
818 1982 891 2023 vero
913 1963 1005 2037 dicit,
1032 1967 1115 2027 hunc

188 2066 292 2129 locum
319 2089 335 2128 a
361 2051 511 2150 quoquam
539 2088 594 2149 pro
622 2087 699 2148 puro
723 2071 757 2127 'et
784 2067 903 2130 sincero
928 2067 1032 2130 haberi
1061 2092 1115 2153 po·

189 2174 291 2249 tuisse,
322 2175 371 2234 vix
399 2169 548 2233 credibile
577 2191 660 2243 esse,
689 2173 753 2232 eius
775 2174 940 2234 sententiae
968 2175 1113 2239 rationem

189 2279 324 2340 nondum
354 2281 421 2354 satis
448 2277 669 2362 perspeximus.
719 2275 787 2338 Hoc
816 2291 928 2338 tantum
962 2279 1113 2354 videmus,

189 2385 299 2447 multos
328 2384 396 2447 illos
424 2384 538 2446 dativus
565 2387 627 2443 non
653 2381 743 2443 nimis
771 2383 927 2465 eleganter
948 2383 1133 2448 cumulatos'

190 2513 269 2553 esse.
312 2487 519 2574 Quum‘vero
547 2509 648 2571 neque
674 2490 753 2561 hoc,
779 2510 881 2572 neque
908 2487 1000 2552 dativi
1029 2489 1123 2555 elisio.
1205 2509 1208 2514 “

140 2623 142 2628 ·
188 2595 331 2659 sulficere
351 2597 489 2659 videatur
512 2594 549 2656 ad
571 2596 777 2657 accusativum
801 2595 1052 2676 praeferendum,
1082 2598 1115 2658 in
1223 2621 1226 2628 ·

188 2704 310 2788 vulgata
336 2705 531 2786 acquiescere
552 2699 720 2785 praestabit.
749 2734 790 2748 -
821 2699 880 2776 Ill)
918 2702 1011 2783 Soph.
1032 2699 1114 2766 Oed.

189 2805 260 2873 Col.
282 2806 366 2874 1435
388 2843 430 2856 -
458 2807 562 2896 σφῷν
584 2797 762 2884 δἐὐοδοὶη
778 2793 885 2880 Zetis,
907 2797 986 2870 τόδ’
1009 2806 1040 2870 εἰ
1061 2826 1114 2869 τε.

189 2913 284 2976 λεῖτὲ
306 2935 367 2994 μοι
387 2904 554 2990 θανόντ’,
576 2909 647 2974 ἐπεὶ
671 2902 716 2973 οὕ
737 2911 804 2991 μοι’
819 2909 932 2982 &nivel
951 2905 985 2993 γ’
1007 2897 1115 2981 αὖθις

105 3039 108 3046 ’
190 3015 324 3085 {aaron
353 3055 393 3067 -
424 3019 534 3084 Elmsl.
557 3035 588 3082 et
609 3019 715 3081 Herm.
740 3008 891 3079 θανόντ’
915 3041 969 3102 pro
995 3041 1115 3084 accusa-

190 3128 252 3188 tivo
279 3128 356 3190 sumi
384 3149 473 3210 posse
495 3141 644 3198 ¹censent3
683 3127 715 3186 id
744 3125 826 3208 quod
859 3147 1012 3210 nunquam
1040 3127 1115 3190 milvi

175 3231 371 3314 probabunt,
391 3233 532 3316 quoniam
546 3220 696 3293 θανόντ’
717 3230 863 3292 artissime
882 3233 1022 3294 cohaeret
1043 3255 1115 3297 curn

189 3339 369 3426 pronomine
392 3360 445 3403 suo
462 3338 670 3412 antecedente,
692 3359 792 3421 neque
810 3337 908 3398 adhuc
929 3359 1025 3422 usque
1047 3341 1116 3411 satia

159 3418 165 3432 .
190 3459 307 3508 certum
331 3441 705 3530 exemplrrnrnirellegere
727 3443 878 3518 mannan·
904 3441 955 3505 ubi
980 3447 1116 3508 transitus

142 3567 143 3572 ’
189 3549 243 3610 ille
265 3553 329 3610 sive
349 3572 473 3612 casuum
494 3548 633 3632 enallage
654 3549 685 3610 in
706 3569 767 3608 nno
780 3547 950 3632 eodemque
973 3551 1115 3614 enuncia·

189 3657 278 3716 rionis
301 3656 439 3718 membro
461 3655 641 3716 inveniatur.
690 3653 833 3726 Accedit,
856 3655 937 3738 quod
958 3653 1116 3741 participia

188 3751 344 3824 θανόντι
366 3780 395 3824 et
419 3761 529 3832 ζῶντι
558 3737 628 3824 cuni
659 3759 845 3843 vi'quadatn
868 3777 956 3848 atque
979 3759 1116 3847 emphasi
1174 3802 1176 3806 -

188 3867 247 3930 sibi
272 3869 405 3936 vicissim
428 3882 628 3952 opponantur.
665 3863 716 3926 Ad
736 3859 861 3931 ἕξετον
877 3887 952 3928 vero
973 3867 1116 3951 supplen-
1184 3938 1192 3943 -

188 3976 263 4034 ‹lnm
285 3989 328 4052 est
351 3964 436 4036 τόδε
454 3975 582 4047 τελεῖν,
604 3988 635 4034 ut
658 3993 762 4035 sensns
784 3972 843 4034 loci
859 3987 945 4035 exeat
964 3971 1114 4066 iere-hio:
